3554 5156
427 966 491 1038 116
811 979 893 1035 vm
915 979 1051 1036 omnm

511 1149 585 1220 lam
599 1149 650 1222 sol
664 1149 857 1234 marginem
870 1151 983 1235 pelagi
997 1147 1214 1222 attrectabat
1236 1147 1304 1220 Cor
1328 1147 1433 1220 Elisae

426 1264 593 1338 violenter
607 1266 745 1350 pulsare
758 1267 880 1352 coepit3
901 1265 1020 1339 Olores
1033 1273 1133 1338 tanta
1144 1266 1319 1337 celeritate
1333 1264 1433 1336 deor·

426 1401 505 1454 sum
520 1381 733 1467 ferebantur.
748 1390 790 1455 ut
804 1382 878 1468 ipsa
892 1383 956 1456 sibi
969 1383 1090 1456 eadere
1104 1383 1293 1466 videretur,
1306 1381 1368 1454 sed
1382 1381 1430 1453 illi

425 1520 463 1574 se
492 1500 618 1572 iterum
646 1508 858 1585 receperunt
884 1499 940 1573 Sol
963 1500 1065 1572 modo
1086 1501 1155 1572 iam
1178 1499 1222 1570 ad
1247 1499 1427 1571 dimidium

425 1616 525 1702 aquis
537 1637 672 1688 mersus
684 1623 770 1701 erat,
784 1637 892 1701 quum
907 1617 1048 1689 demum
1060 1616 1135 1701 ipsa
1148 1637 1291 1700 parvam
1305 1637 1429 1700 rupem

425 1734 519 1806 infra
533 1755 571 1806 se
583 1733 816 1818 conspicatum
837 1735 958 1806 eadem
970 1741 1076 1820 caput
1084 1734 1203 1818 phocae
1217 1755 1355 1818 equare
1370 1753 1431 1818 pa·

427 1852 535 1935 rebat,
550 1872 660 1936 quum
672 1851 748 1922 haee
761 1873 835 1924 sese
849 1873 893 1922 er
907 1851 1009 1923 undis
1022 1851 1134 1924 effert
1160 1851 1216 1923 Sol
1241 1873 1325 1924 vero
1350 1873 1428 1936 pro-

425 1989 507 2053 pere
522 1968 744 2052 mergebatur
754 2003 796 2016 ·-
810 1969 879 2040 iam
894 1969 953 2040 vix
966 1968 1075 2040 maior
1087 1989 1161 2040 esse
1171 1976 1264 2040 astro
1274 1969 1431 2052 pambat.

426 2086 505 2169 Ipso
519 2091 693 2157 momento
706 2085 809 2170 pedes
832 2087 906 2158 eius
926 2085 1073 2157 solidum
1094 2084 1223 2170 attigit,
1248 2108 1357 2171 quum
1378 2086 1430 2158 sol

424 2203 562 2274 omnino
589 2203 742 2286 evanuit,
772 2210 951 2288 tamquam
976 2201 1098 2273 ultima
1122 2201 1267 2274 scintilla
1294 2210 1429 2274 exuste

425 2319 563 2391 chartae
579 2319 718 2391 lbatres
730 2319 804 2392 eius
817 2319 965 2392 brachiis
975 2319 1101 2392 iunctis
1113 2341 1191 2392 eam
1206 2320 1433 2392 circumsiste-

426 2436 522 2520 bant,
544 2457 609 2508 nec
633 2437 710 2521 plus
734 2436 834 2521 spatii
859 2437 1007 2522 amplius
1021 2437 1205 2522 superfuit
1221 2435 1333 2509 Undae
1346 2457 1426 2509 cau·

426 2559 498 2626 tem
521 2553 684 2625 ferociter
698 2553 937 2638 verberabant,
963 2575 1120 2639 spumam
1142 2552 1432 2638 asperginemque

424 2670 564 2742 saeviter
587 2671 637 2742 eis
661 2669 866 2754 iniicientes;
887 2673 1010 2744 coelum
1035 2671 1206 2743 continuis
1229 2671 1429 2756 fulguribus

425 2787 572 2872 flagrare
597 2787 791 2873 videbatur,
803 2799 840 2860 et
853 2788 973 2861 crebm
994 2789 1157 2872 tonitrua,
1181 2790 1330 2861 alterum
1350 2801 1429 2874 post

425 2906 574 2977 alterum
589 2905 728 2976 boantia
742 2905 964 2989 resonabant:
987 2927 1108 2978 verum
1122 2927 1218 2978 soror
1231 2907 1428 2990 fratresque

424 3021 533 3094 firmis
547 3022 705 3094 manibus
717 3045 791 3095 sese
804 3021 978 3095 tenebant.
1000 3024 1142 3096 Interim
1166 3025 1336 3109 psalmum
1350 3045 1432 3095 con·

424 3138 595 3224 sinebant
609 3140 670 3225 qui
683 3147 806 3212 cantus
818 3142 921 3212 corda
936 3163 999 3213 sua
1013 3141 1100 3214 mua
1124 3142 1328 3215 fortitudine
1351 3165 1431 3216 eon·

425 3257 587 3330 firmavit.

509 3372 607 3446 Cirm
621 3373 808 3446 diluculum
822 3375 947 3447 coelum
961 3377 1178 3461 clarescebat,
1193 3399 1288 3448 mare
1303 3379 1432 3451 reside·

425 3491 496 3576 bat,
510 3511 596 3564 aura
610 3499 729 3563 autem
739 3492 1117 3578 purioreosreficiebat,
1128 3501 1164 3564 et
1173 3495 1428 3578 quamprimum

425 3609 476 3682 sol
489 3609 670 3682 masadam
685 3616 846 3694 creperet,
860 3608 988 3693 Olores,
1002 3610 1137 3683 sublata
1150 3611 1252 3694 Elisa,
1277 3612 1321 3684 de
1342 3633 1430 3697 rupe

427 3726 665 3798 avolaverunt
689 3725 801 3798 Undae
813 3725 951 3798 interim
967 3727 1093 3798 sensim
1108 3733 1305 3812 turgescere
1320 3749 1433 3813 crepe·

425 3849 520 3926 runt,
548 3848 585 3913 et
609 3862 718 3926 quum
744 3863 764 3913 e
788 3841 913 3914 vicinia
935 3843 1081 3915 nubium
1094 3843 1130 3914 in
1145 3867 1241 3916 mare
1255 3847 1429 3930 glaucum,

425 3979 548 4044 spuma
561 3957 639 4030 alba
660 3979 937 4043 quaquaversum
959 3959 1151 4046 candicans,
1174 3961 1434 4047 despectabant,

425 4075 559 4146 infinito
574 4077 712 4160 agmirm
726 4077 859 4148 olorum
884 4077 1061 4149 obsessum
1076 4099 1150 4150 esse
1163 4078 1227 4152 sibi
1241 4079 1342 4152 facile
1366 4079 1433 4151 fin·

426 4213 509 4278 gere
523 4197 693 4276 poterant
