<?xml version="1.0" encoding="UTF-8"?>
<!DOCTYPE html PUBLIC "-//W3C//DTD XHTML 1.0 Transitional//EN"
    "http://www.w3.org/TR/xhtml1/DTD/xhtml1-transitional.dtd">
<html xmlns="http://www.w3.org/1999/xhtml" xml:lang="en" lang="en">
 <head>
  <title>
</title>
<meta http-equiv="Content-Type" content="text/html;charset=utf-8" />
  <meta name='ocr-system' content='tesseract 3.04.00' />
  <meta name='ocr-capabilities' content='ocr_page ocr_carea ocr_par ocr_line ocrx_word'/>
</head>
<body>
  <div class='ocr_page' id='page_1' title='image "./fabuldivalesexn00apulgoog_0180.png"; bbox 0 0 3540 5156; ppageno 0'>
   <div class='ocr_carea' id='block_1_1' title="bbox 671 970 1336 1044">
    <p class='ocr_par' dir='ltr' id='par_1_1' title="bbox 671 970 1336 1044">
     <span class='ocr_line' id='line_1_1' title="bbox 671 970 1336 1044; baseline -0.006 -1"><span class='ocrx_word' id='word_1_1' title='bbox 671 990 777 1044; x_wconf 74' lang='lat' dir='ltr'><strong>anon</strong></span> <span class='ocrx_word' id='word_1_2' title='bbox 798 989 843 1042; x_wconf 82' lang='lat' dir='ltr'><strong>m</strong></span> <span class='ocrx_word' id='word_1_3' title='bbox 865 989 1001 1043; x_wconf 79' lang='lat' dir='ltr'><strong>esrcns</strong></span> <span class='ocrx_word' id='word_1_4' title='bbox 1275 970 1336 1040; x_wconf 85' lang='lat'><strong>169</strong></span> 
     </span>
    </p>
   </div>
   <div class='ocr_carea' id='block_1_2' title="bbox 338 1155 1336 1361">
    <p class='ocr_par' dir='ltr' id='par_1_2' title="bbox 338 1155 1336 1361">
     <span class='ocr_line' id='line_1_2' title="bbox 338 1155 1336 1242; baseline -0.002 -15"><span class='ocrx_word' id='word_1_5' title='bbox 338 1157 461 1227; x_wconf 90' lang='lat' dir='ltr'><strong>siccate</strong></span> <span class='ocrx_word' id='word_1_6' title='bbox 491 1158 642 1241; x_wconf 90' lang='lat' dir='ltr'><strong>tandem,</strong></span> <span class='ocrx_word' id='word_1_7' title='bbox 672 1159 798 1242; x_wconf 84' lang='lat' dir='ltr'>quippe</span> <span class='ocrx_word' id='word_1_8' title='bbox 827 1179 935 1242; x_wconf 87' lang='lat' dir='ltr'><strong>quum</strong></span> <span class='ocrx_word' id='word_1_9' title='bbox 965 1163 1038 1227; x_wconf 91' lang='lat' dir='ltr'><strong>tam</strong></span> <span class='ocrx_word' id='word_1_10' title='bbox 1065 1155 1336 1240; x_wconf 64' lang='lat' dir='ltr'><strong>possidendam</strong></span> 
     </span>
     <span class='ocr_line' id='line_1_3' title="bbox 338 1275 767 1361; baseline 0.007 -17"><span class='ocrx_word' id='word_1_11' title='bbox 338 1275 561 1358; x_wconf 78' lang='lat' dir='ltr'><strong>plangebatis,</strong></span> <span class='ocrx_word' id='word_1_12' title='bbox 576 1276 767 1361; x_wconf 88' lang='lat' dir='ltr'><strong>amplecti.”</strong></span> 
     </span>
    </p>
   </div>
   <div class='ocr_carea' id='block_1_3' title="bbox 335 1406 1338 2082">
    <p class='ocr_par' dir='ltr' id='par_1_3' title="bbox 335 1406 1338 2082">
     <span class='ocr_line' id='line_1_4' title="bbox 420 1406 1337 1494; baseline -0.002 -16"><span class='ocrx_word' id='word_1_13' title='bbox 420 1409 511 1479; x_wconf 79' lang='lat' dir='ltr'><strong>&#39;lum</strong></span> <span class='ocrx_word' id='word_1_14' title='bbox 526 1416 688 1481; x_wconf 89' lang='lat' dir='ltr'><strong>vocatum</strong></span> <span class='ocrx_word' id='word_1_15' title='bbox 701 1410 897 1494; x_wconf 84' lang='lat' dir='ltr'><strong>Zephyrum</strong></span> <span class='ocrx_word' id='word_1_16' title='bbox 919 1409 1101 1493; x_wconf 88' lang='lat' dir='ltr'><strong>praeceptis</strong></span> <span class='ocrx_word' id='word_1_17' title='bbox 1122 1406 1337 1477; x_wconf 77' lang='lat' dir='ltr'><strong>maritalibus</strong></span> 
     </span>
     <span class='ocr_line' id='line_1_5' title="bbox 336 1525 1338 1612; baseline -0.004 -14"><span class='ocrx_word' id='word_1_18' title='bbox 336 1527 507 1598; x_wconf 89' lang='lat' dir='ltr'><strong>admonet.</strong></span> <span class='ocrx_word' id='word_1_19' title='bbox 528 1528 602 1598; x_wconf 92' lang='lat' dir='ltr'><strong>Nec</strong></span> <span class='ocrx_word' id='word_1_20' title='bbox 615 1550 720 1599; x_wconf 90' lang='lat' dir='ltr'><strong>mora.</strong></span> <span class='ocrx_word' id='word_1_21' title='bbox 737 1527 852 1612; x_wconf 88' lang='lat' dir='ltr'><strong>Quum</strong></span> <span class='ocrx_word' id='word_1_22' title='bbox 873 1529 928 1597; x_wconf 92' lang='lat' dir='ltr'><strong>ille</strong></span> <span class='ocrx_word' id='word_1_23' title='bbox 953 1549 1077 1610; x_wconf 89' lang='lat' dir='ltr'><strong>parens</strong></span> <span class='ocrx_word' id='word_1_24' title='bbox 1098 1525 1249 1610; x_wconf 88' lang='lat' dir='ltr'><strong>imperio,</strong></span> <span class='ocrx_word' id='word_1_25' title='bbox 1271 1533 1338 1594; x_wconf 89' lang='lat' dir='ltr'><strong>sta·</strong></span> 
     </span>
     <span class='ocr_line' id='line_1_6' title="bbox 336 1643 1336 1728; baseline -0.002 -14"><span class='ocrx_word' id='word_1_26' title='bbox 336 1645 400 1715; x_wconf 91' lang='lat' dir='ltr'><strong>tim</strong></span> <span class='ocrx_word' id='word_1_27' title='bbox 414 1646 685 1717; x_wconf 76' lang='lat' dir='ltr'><strong>clementissimis</strong></span> <span class='ocrx_word' id='word_1_28' title='bbox 697 1647 847 1728; x_wconf 87' lang='lat' dir='ltr'><strong>flatibus,</strong></span> <span class='ocrx_word' id='word_1_29' title='bbox 862 1645 1001 1714; x_wconf 73' lang='lat' dir='ltr'><strong>innoxia</strong></span> <span class='ocrx_word' id='word_1_30' title='bbox 1020 1647 1164 1714; x_wconf 76' lang='lat' dir='ltr'><strong>vectura</strong></span> <span class='ocrx_word' id='word_1_31' title='bbox 1178 1643 1336 1726; x_wconf 80' lang='lat' dir='ltr'>deportat</span> 
     </span>
     <span class='ocr_line' id='line_1_7' title="bbox 335 1759 1337 1848; baseline -0.003 -16"><span class='ocrx_word' id='word_1_32' title='bbox 335 1761 419 1832; x_wconf 89' lang='lat' dir='ltr'><strong>illas.</strong></span> <span class='ocrx_word' id='word_1_33' title='bbox 435 1764 508 1833; x_wconf 89' lang='lat' dir='ltr'><strong>lam</strong></span> <span class='ocrx_word' id='word_1_34' title='bbox 522 1763 654 1834; x_wconf 91' lang='lat' dir='ltr'><strong>mutuis</strong></span> <span class='ocrx_word' id='word_1_35' title='bbox 668 1763 891 1848; x_wconf 69' lang='lat' dir='ltr'><strong>amplexibus</strong></span> <span class='ocrx_word' id='word_1_36' title='bbox 902 1769 938 1832; x_wconf 90' lang='lat' dir='ltr'><strong>et</strong></span> <span class='ocrx_word' id='word_1_37' title='bbox 948 1761 1193 1832; x_wconf 83' lang='lat' dir='ltr'><strong>festinantibus</strong></span> <span class='ocrx_word' id='word_1_38' title='bbox 1208 1759 1337 1831; x_wconf 82' lang='lat' dir='ltr'><strong>saviis⁵⁸</strong></span> 
     </span>
     <span class='ocr_line' id='line_1_8' title="bbox 336 1877 1337 1964; baseline -0.002 -16"><span class='ocrx_word' id='word_1_39' title='bbox 336 1901 409 1949; x_wconf 89' lang='lat' dir='ltr'><strong>sese</strong></span> <span class='ocrx_word' id='word_1_40' title='bbox 425 1880 670 1964; x_wconf 82' lang='lat' dir='ltr'><strong>perfruuntur;</strong></span> <span class='ocrx_word' id='word_1_41' title='bbox 693 1889 730 1951; x_wconf 94' lang='lat' dir='ltr'><strong>et</strong></span> <span class='ocrx_word' id='word_1_42' title='bbox 754 1881 820 1950; x_wconf 86' lang='lat' dir='ltr'><strong>illae</strong></span> <span class='ocrx_word' id='word_1_43' title='bbox 848 1879 976 1950; x_wconf 85' lang='lat' dir='ltr'><strong>sedatae</strong></span> <span class='ocrx_word' id='word_1_44' title='bbox 1001 1879 1160 1961; x_wconf 84' lang='lat' dir='ltr'><strong>lacrymae</strong></span> <span class='ocrx_word' id='word_1_45' title='bbox 1174 1877 1337 1961; x_wconf 90' lang='lat' dir='ltr'><strong>postlimi-</strong></span> 
     </span>
     <span class='ocr_line' id='line_1_9' title="bbox 335 1996 963 2082; baseline -0.002 -15"><span class='ocrx_word' id='word_1_46' title='bbox 335 1996 418 2067; x_wconf 71' lang='lat' dir='ltr'><strong>niofil</strong></span> <span class='ocrx_word' id='word_1_47' title='bbox 431 1996 589 2080; x_wconf 89' lang='lat' dir='ltr'><strong>redeunt,</strong></span> <span class='ocrx_word' id='word_1_48' title='bbox 604 1999 814 2082; x_wconf 85' lang='lat' dir='ltr'><strong>prolectante</strong></span> <span class='ocrx_word' id='word_1_49' title='bbox 826 1997 963 2080; x_wconf 84' lang='lat' dir='ltr'><strong>gaudio.</strong></span> 
     </span>
    </p>
   </div>
   <div class='ocr_carea' id='block_1_4' title="bbox 418 2128 1461 2237">
    <p class='ocr_par' dir='ltr' id='par_1_4' title="bbox 418 2128 1461 2237">
     <span class='ocr_line' id='line_1_10' title="bbox 418 2128 1461 2237; baseline -0.002 -37"><span class='ocrx_word' id='word_1_50' title='bbox 418 2128 507 2201; x_wconf 87' lang='lat' dir='ltr'><strong>“Sed</strong></span> <span class='ocrx_word' id='word_1_51' title='bbox 521 2139 556 2202; x_wconf 93' lang='lat' dir='ltr'><strong>et</strong></span> <span class='ocrx_word' id='word_1_52' title='bbox 572 2133 733 2215; x_wconf 87' lang='lat' dir='ltr'><strong>teetnm,”</strong></span> <span class='ocrx_word' id='word_1_53' title='bbox 755 2131 878 2216; x_wconf 89' lang='lat' dir='ltr'><strong>inquit,</strong></span> <span class='ocrx_word' id='word_1_54' title='bbox 892 2129 950 2201; x_wconf 92' lang='lat' dir='ltr'><strong>“et</strong></span> <span class='ocrx_word' id='word_1_55' title='bbox 964 2131 1088 2200; x_wconf 88' lang='lat' dir='ltr'><strong>Larem</strong></span> <span class='ocrx_word' id='word_1_56' title='bbox 1108 2135 1264 2199; x_wconf 90' lang='lat' dir='ltr'><strong>nostrum</strong></span> <span class='ocrx_word' id='word_1_57' title='bbox 1278 2129 1336 2199; x_wconf 89' lang='lat' dir='ltr'><strong>lae·</strong></span> <span class='ocrx_word' id='word_1_58' title='bbox 1459 2231 1461 2237; x_wconf 21' lang='grc' dir='ltr'>Ι</span> 
     </span>
    </p>
   </div>
   <div class='ocr_carea' id='block_1_5' title="bbox 335 2246 1336 2434">
    <p class='ocr_par' dir='ltr' id='par_1_5' title="bbox 335 2246 1336 2434">
     <span class='ocr_line' id='line_1_11' title="bbox 335 2246 1336 2331; baseline 0 -15"><span class='ocrx_word' id='word_1_59' title='bbox 335 2253 382 2316; x_wconf 80' lang='lat' dir='ltr'><strong>tae</strong></span> <span class='ocrx_word' id='word_1_60' title='bbox 395 2248 577 2331; x_wconf 90' lang='lat' dir='ltr'><strong>succedite,</strong></span> <span class='ocrx_word' id='word_1_61' title='bbox 592 2255 628 2319; x_wconf 93' lang='lat' dir='ltr'><strong>et</strong></span> <span class='ocrx_word' id='word_1_62' title='bbox 644 2249 787 2319; x_wconf 89' lang='lat' dir='ltr'><strong>afflictas</strong></span> <span class='ocrx_word' id='word_1_63' title='bbox 800 2249 932 2318; x_wconf 87' lang='lat' dir='ltr'><strong>animas</strong></span> <span class='ocrx_word' id='word_1_64' title='bbox 956 2269 1036 2318; x_wconf 91' lang='lat' dir='ltr'><strong>cum</strong></span> <span class='ocrx_word' id='word_1_65' title='bbox 1062 2246 1192 2329; x_wconf 86' lang='lat' dir='ltr'><strong>Psyche</strong></span> <span class='ocrx_word' id='word_1_66' title='bbox 1217 2254 1336 2316; x_wconf 85' lang='lat' dir='ltr'><strong>vestra</strong></span> 
     </span>
     <span class='ocr_line' id='line_1_12' title="bbox 337 2365 521 2434; baseline 0.005 -1"><span class='ocrx_word' id='word_1_67' title='bbox 337 2365 521 2434; x_wconf 85' lang='lat' dir='ltr'><strong>recreate.”</strong></span> 
     </span>
    </p>
   </div>
   <div class='ocr_carea' id='block_1_6' title="bbox 419 2497 1334 2583">
    <p class='ocr_par' dir='ltr' id='par_1_6' title="bbox 419 2497 1334 2583">
     <span class='ocr_line' id='line_1_13' title="bbox 419 2497 1334 2583; baseline -0.001 -14"><span class='ocrx_word' id='word_1_68' title='bbox 419 2497 473 2569; x_wconf 90' lang='lat' dir='ltr'><strong>Sic</strong></span> <span class='ocrx_word' id='word_1_69' title='bbox 488 2500 644 2582; x_wconf 89' lang='lat' dir='ltr'><strong>allocuta,</strong></span> <span class='ocrx_word' id='word_1_70' title='bbox 660 2521 812 2570; x_wconf 88' lang='lat' dir='ltr'><strong>summas</strong></span> <span class='ocrx_word' id='word_1_71' title='bbox 826 2520 908 2583; x_wconf 90' lang='lat' dir='ltr'><strong>opes</strong></span> <span class='ocrx_word' id='word_1_72' title='bbox 919 2499 1042 2569; x_wconf 79' lang='lat' dir='ltr'><strong>domus</strong></span> <span class='ocrx_word' id='word_1_73' title='bbox 1055 2519 1180 2581; x_wconf 86' lang='lat' dir='ltr'><strong>aureae,</strong></span> <span class='ocrx_word' id='word_1_74' title='bbox 1195 2521 1334 2569; x_wconf 90' lang='lat' dir='ltr'><strong>vocum·</strong></span> 
     </span>
    </p>
   </div>
   <div class='ocr_carea' id='block_1_7' title="bbox 335 2615 1428 2700">
    <p class='ocr_par' dir='ltr' id='par_1_7' title="bbox 335 2615 1428 2700">
     <span class='ocr_line' id='line_1_14' title="bbox 335 2615 1428 2700; baseline 0.002 -16"><span class='ocrx_word' id='word_1_75' title='bbox 335 2636 403 2698; x_wconf 87' lang='lat' dir='ltr'><strong>que</strong></span> <span class='ocrx_word' id='word_1_76' title='bbox 416 2615 639 2686; x_wconf 89' lang='lat' dir='ltr'><strong>servientium</strong></span> <span class='ocrx_word' id='word_1_77' title='bbox 651 2616 852 2700; x_wconf 87' lang='lat' dir='ltr'><strong>populosam</strong></span> <span class='ocrx_word' id='word_1_78' title='bbox 874 2616 1039 2686; x_wconf 84' lang='lat' dir='ltr'><strong>familiam</strong></span> <span class='ocrx_word' id='word_1_79' title='bbox 1060 2615 1203 2686; x_wconf 83' lang='lat' dir='ltr'><strong>auribus</strong></span> <span class='ocrx_word' id='word_1_80' title='bbox 1216 2637 1336 2686; x_wconf 88' lang='lat' dir='ltr'><strong>earum</strong></span> <span class='ocrx_word' id='word_1_81' title='bbox 1425 2665 1428 2670; x_wconf 91' lang='lat'>-</span> 
     </span>
    </p>
   </div>
   <div class='ocr_carea' id='block_1_8' title="bbox 334 2732 1337 3168">
    <p class='ocr_par' dir='ltr' id='par_1_8' title="bbox 334 2732 1337 3168">
     <span class='ocr_line' id='line_1_15' title="bbox 335 2732 1337 2817; baseline 0.001 -14"><span class='ocrx_word' id='word_1_82' title='bbox 335 2732 557 2816; x_wconf 87' lang='lat' dir='ltr'><strong>demonstrat,</strong></span> <span class='ocrx_word' id='word_1_83' title='bbox 572 2734 776 2817; x_wconf 88' lang='lat' dir='ltr'><strong>lavacroque</strong></span> <span class='ocrx_word' id='word_1_84' title='bbox 791 2733 1029 2816; x_wconf 88' lang='lat' dir='ltr'><strong>pulcherrimo,</strong></span> <span class='ocrx_word' id='word_1_85' title='bbox 1052 2740 1089 2803; x_wconf 93' lang='lat' dir='ltr'><strong>et</strong></span> <span class='ocrx_word' id='word_1_86' title='bbox 1113 2733 1337 2804; x_wconf 64' lang='lat' dir='ltr'><strong>inhumanat&gt;</strong></span> 
     </span>
     <span class='ocr_line' id='line_1_16' title="bbox 335 2849 1337 2934; baseline 0.004 -16"><span class='ocrx_word' id='word_1_87' title='bbox 335 2869 463 2920; x_wconf 89' lang='lat' dir='ltr'><strong>mensae</strong></span> <span class='ocrx_word' id='word_1_88' title='bbox 477 2850 620 2920; x_wconf 89' lang='lat' dir='ltr'><strong>lautitiis</strong></span> <span class='ocrx_word' id='word_1_89' title='bbox 634 2873 693 2920; x_wconf 90' lang='lat' dir='ltr'><strong>eas</strong></span> <span class='ocrx_word' id='word_1_90' title='bbox 706 2851 844 2934; x_wconf 87' lang='lat' dir='ltr'><strong>opipare</strong></span> <span class='ocrx_word' id='word_1_91' title='bbox 860 2849 977 2933; x_wconf 89' lang='lat' dir='ltr'><strong>reficit,</strong></span> <span class='ocrx_word' id='word_1_92' title='bbox 991 2857 1032 2920; x_wconf 93' lang='lat' dir='ltr'><strong>ut</strong></span> <span class='ocrx_word' id='word_1_93' title='bbox 1046 2851 1179 2920; x_wconf 88' lang='lat' dir='ltr'><strong>illarum</strong></span> <span class='ocrx_word' id='word_1_94' title='bbox 1196 2873 1337 2934; x_wconf 89' lang='lat' dir='ltr'><strong>prorsus</strong></span> 
     </span>
     <span class='ocr_line' id='line_1_17' title="bbox 334 2965 1336 3051; baseline 0.004 -16"><span class='ocrx_word' id='word_1_95' title='bbox 334 2965 522 3036; x_wconf 87' lang='lat' dir='ltr'><strong>coelestium</strong></span> <span class='ocrx_word' id='word_1_96' title='bbox 536 2967 734 3038; x_wconf 88' lang='lat' dir='ltr'><strong>divitiarum</strong></span> <span class='ocrx_word' id='word_1_97' title='bbox 750 2967 854 3051; x_wconf 90' lang='lat' dir='ltr'><strong>copiis</strong></span> <span class='ocrx_word' id='word_1_98' title='bbox 868 2967 1088 3038; x_wconf 89' lang='lat' dir='ltr'><strong>affluentibus</strong></span> <span class='ocrx_word' id='word_1_99' title='bbox 1109 2969 1252 3051; x_wconf 85' lang='lat' dir='ltr'><strong>satiatae,</strong></span> <span class='ocrx_word' id='word_1_100' title='bbox 1266 2969 1336 3039; x_wconf 91' lang='lat' dir='ltr'><strong>iam</strong></span> 
     </span>
     <span class='ocr_line' id='line_1_18' title="bbox 334 3084 1085 3168; baseline 0.003 -16"><span class='ocrx_word' id='word_1_101' title='bbox 334 3084 556 3165; x_wconf 82' lang='lat' dir='ltr'><strong>praecordiis⁶¹</strong></span> <span class='ocrx_word' id='word_1_102' title='bbox 573 3086 711 3168; x_wconf 89' lang='lat' dir='ltr'><strong>penitus</strong></span> <span class='ocrx_word' id='word_1_103' title='bbox 724 3084 897 3156; x_wconf 84' lang='lat' dir='ltr'><strong>nutrirent</strong></span> <span class='ocrx_word' id='word_1_104' title='bbox 911 3084 1085 3154; x_wconf 89' lang='lat' dir='ltr'><strong>invidiam.</strong></span> 
     </span>
    </p>
   </div>
   <div class='ocr_carea' id='block_1_9' title="bbox 333 3217 1337 3771">
    <p class='ocr_par' dir='ltr' id='par_1_9' title="bbox 333 3217 1337 3771">
     <span class='ocr_line' id='line_1_19' title="bbox 419 3217 1337 3302; baseline 0.002 -14"><span class='ocrx_word' id='word_1_105' title='bbox 419 3217 573 3302; x_wconf 88' lang='lat' dir='ltr'><strong>Denique</strong></span> <span class='ocrx_word' id='word_1_106' title='bbox 588 3220 696 3289; x_wconf 83' lang='lat' dir='ltr'><strong>altera</strong></span> <span class='ocrx_word' id='word_1_107' title='bbox 721 3241 840 3288; x_wconf 88' lang='lat' dir='ltr'><strong>earum</strong></span> <span class='ocrx_word' id='word_1_108' title='bbox 866 3218 951 3288; x_wconf 90' lang='lat' dir='ltr'><strong>satis</strong></span> <span class='ocrx_word' id='word_1_109' title='bbox 971 3219 1177 3302; x_wconf 87' lang='lat' dir='ltr'><strong>scrupulose,</strong></span> <span class='ocrx_word' id='word_1_110' title='bbox 1192 3220 1337 3290; x_wconf 88' lang='lat' dir='ltr'><strong>curiose·</strong></span> 
     </span>
     <span class='ocr_line' id='line_1_20' title="bbox 334 3335 1337 3420; baseline 0.004 -16"><span class='ocrx_word' id='word_1_111' title='bbox 334 3356 402 3418; x_wconf 89' lang='lat' dir='ltr'><strong>que</strong></span> <span class='ocrx_word' id='word_1_112' title='bbox 416 3335 608 3419; x_wconf 91' lang='lat' dir='ltr'><strong>percontari</strong></span> <span class='ocrx_word' id='word_1_113' title='bbox 622 3358 690 3406; x_wconf 92' lang='lat' dir='ltr'><strong>non</strong></span> <span class='ocrx_word' id='word_1_114' title='bbox 705 3335 839 3418; x_wconf 89' lang='lat' dir='ltr'><strong>desinit,</strong></span> <span class='ocrx_word' id='word_1_115' title='bbox 855 3337 933 3420; x_wconf 89' lang='lat' dir='ltr'><strong>quis</strong></span> <span class='ocrx_word' id='word_1_116' title='bbox 946 3336 1083 3406; x_wconf 89' lang='lat' dir='ltr'><strong>illarum</strong></span> <span class='ocrx_word' id='word_1_117' title='bbox 1107 3359 1223 3408; x_wconf 89' lang='lat' dir='ltr'><strong>rerum</strong></span> <span class='ocrx_word' id='word_1_118' title='bbox 1239 3338 1337 3409; x_wconf 90' lang='lat' dir='ltr'><strong>coele·</strong></span> 
     </span>
     <span class='ocr_line' id='line_1_21' title="bbox 334 3451 1335 3538; baseline 0.004 -16"><span class='ocrx_word' id='word_1_119' title='bbox 334 3451 438 3522; x_wconf 91' lang='lat' dir='ltr'><strong>stium</strong></span> <span class='ocrx_word' id='word_1_120' title='bbox 452 3451 620 3534; x_wconf 92' lang='lat' dir='ltr'><strong>dominus,</strong></span> <span class='ocrx_word' id='word_1_121' title='bbox 637 3453 782 3536; x_wconf 85' lang='lat' dir='ltr'><strong>quisque</strong></span> <span class='ocrx_word' id='word_1_122' title='bbox 796 3461 832 3523; x_wconf 92' lang='lat' dir='ltr'><strong>et</strong></span> <span class='ocrx_word' id='word_1_123' title='bbox 847 3453 957 3536; x_wconf 84' lang='lat' dir='ltr'><strong>qualis</strong></span> <span class='ocrx_word' id='word_1_124' title='bbox 978 3453 1085 3538; x_wconf 88' lang='lat' dir='ltr'><strong>ipsius</strong></span> <span class='ocrx_word' id='word_1_125' title='bbox 1110 3455 1154 3524; x_wconf 87' lang='lat' dir='ltr'><strong>sit</strong></span> <span class='ocrx_word' id='word_1_126' title='bbox 1179 3455 1335 3526; x_wconf 87' lang='lat' dir='ltr'><strong>maritus</strong></span> 
     </span>
     <span class='ocr_line' id='line_1_22' title="bbox 335 3568 1336 3655; baseline 0.005 -17"><span class='ocrx_word' id='word_1_127' title='bbox 335 3569 408 3640; x_wconf 86' lang='lat' dir='ltr'><strong>Nec</strong></span> <span class='ocrx_word' id='word_1_128' title='bbox 431 3576 546 3639; x_wconf 90' lang='lat' dir='ltr'><strong>tamen</strong></span> <span class='ocrx_word' id='word_1_129' title='bbox 574 3568 706 3652; x_wconf 85' lang='lat' dir='ltr'><strong>Psyche</strong></span> <span class='ocrx_word' id='word_1_130' title='bbox 730 3569 909 3654; x_wconf 83' lang='lat' dir='ltr'><strong>coniugale</strong></span> <span class='ocrx_word' id='word_1_131' title='bbox 930 3569 1013 3641; x_wconf 94' lang='lat' dir='ltr'><strong>illud</strong></span> <span class='ocrx_word' id='word_1_132' title='bbox 1033 3577 1244 3655; x_wconf 83' lang='lat' dir='ltr'><strong>praeceptum</strong></span> <span class='ocrx_word' id='word_1_133' title='bbox 1265 3574 1336 3643; x_wconf 92' lang='lat' dir='ltr'><strong>ullo</strong></span> 
     </span>
     <span class='ocr_line' id='line_1_23' title="bbox 333 3686 1335 3771; baseline 0.005 -15"><span class='ocrx_word' id='word_1_134' title='bbox 333 3694 433 3770; x_wconf 89' lang='lat' dir='ltr'><strong>pacto</strong></span> <span class='ocrx_word' id='word_1_135' title='bbox 455 3693 612 3769; x_wconf 88' lang='lat' dir='ltr'><strong>temerat,</strong></span> <span class='ocrx_word' id='word_1_136' title='bbox 636 3688 690 3757; x_wconf 90' lang='lat' dir='ltr'><strong>vel</strong></span> <span class='ocrx_word' id='word_1_137' title='bbox 715 3686 862 3770; x_wconf 88' lang='lat' dir='ltr'><strong>pectoris</strong></span> <span class='ocrx_word' id='word_1_138' title='bbox 886 3687 1018 3757; x_wconf 88' lang='lat' dir='ltr'><strong>arcanis</strong></span> <span class='ocrx_word' id='word_1_139' title='bbox 1043 3687 1160 3771; x_wconf 83' lang='lat' dir='ltr'><strong>exigit,</strong></span> <span class='ocrx_word' id='word_1_140' title='bbox 1189 3689 1249 3760; x_wconf 89' lang='lat' dir='ltr'><strong>sed</strong></span> <span class='ocrx_word' id='word_1_141' title='bbox 1263 3711 1282 3760; x_wconf 92' lang='lat' dir='ltr'><strong>e</strong></span> <span class='ocrx_word' id='word_1_142' title='bbox 1297 3711 1335 3760; x_wconf 87' lang='lat' dir='ltr'><strong>re</strong></span> 
     </span>
    </p>
   </div>
   <div class='ocr_carea' id='block_1_10' title="bbox 430 3971 1085 4286">
    <p class='ocr_par' dir='ltr' id='par_1_10' title="bbox 430 3971 1085 4123">
     <span class='ocr_line' id='line_1_24' title="bbox 430 3971 1085 4040; baseline -0.003 -14"><span class='ocrx_word' id='word_1_143' title='bbox 430 3973 474 4026; x_wconf 89' lang='lat'><strong>58.</strong></span> <span class='ocrx_word' id='word_1_144' title='bbox 492 3973 607 4036; x_wconf 77' lang='lat' dir='ltr'><strong>Crebris,</strong></span> <span class='ocrx_word' id='word_1_145' title='bbox 619 3973 817 4040; x_wconf 82' lang='lat' dir='ltr'><strong>frequentibus,</strong></span> <span class='ocrx_word' id='word_1_146' title='bbox 831 3973 965 4026; x_wconf 84' lang='lat' dir='ltr'><strong>celeribus</strong></span> <span class='ocrx_word' id='word_1_147' title='bbox 976 3971 1085 4025; x_wconf 81' lang='lat' dir='ltr'><strong>osculis.</strong></span> 
     </span>
     <span class='ocr_line' id='line_1_25' title="bbox 432 4056 790 4123; baseline 0.003 -14"><span class='ocrx_word' id='word_1_148' title='bbox 432 4056 474 4110; x_wconf 84' lang='lat'><strong>59.</strong></span> <span class='ocrx_word' id='word_1_149' title='bbox 492 4056 589 4110; x_wconf 84' lang='lat' dir='ltr'><strong>Paullo</strong></span> <span class='ocrx_word' id='word_1_150' title='bbox 602 4061 673 4123; x_wconf 85' lang='lat' dir='ltr'><strong>post,</strong></span> <span class='ocrx_word' id='word_1_151' title='bbox 686 4062 790 4122; x_wconf 79' lang='lat' dir='ltr'><strong>postea.</strong></span> 
     </span>
    </p>

    <p class='ocr_par' dir='ltr' id='par_1_11' title="bbox 432 4137 1018 4202">
     <span class='ocr_line' id='line_1_26' title="bbox 432 4137 1018 4202; baseline 0 -9"><span class='ocrx_word' id='word_1_152' title='bbox 432 4139 474 4194; x_wconf 82' lang='lat'><strong>⁶⁰.</strong></span> <span class='ocrx_word' id='word_1_153' title='bbox 491 4137 675 4202; x_wconf 69' lang='lat' dir='ltr'><strong>Inhumana,</strong></span> <span class='ocrx_word' id='word_1_154' title='bbox 692 4155 747 4193; x_wconf 86' lang='lat' dir='ltr'><strong>non</strong></span> <span class='ocrx_word' id='word_1_155' title='bbox 760 4138 896 4202; x_wconf 49' lang='lat' dir='ltr'><strong>humanm</strong></span> <span class='ocrx_word' id='word_1_156' title='bbox 908 4139 1018 4193; x_wconf 69' lang='lat' dir='ltr'><strong>divine.</strong></span> 
     </span>
    </p>

    <p class='ocr_par' dir='ltr' id='par_1_12' title="bbox 433 4223 898 4286">
     <span class='ocr_line' id='line_1_27' title="bbox 433 4223 898 4286; baseline 0 -10"><span class='ocrx_word' id='word_1_157' title='bbox 433 4223 475 4276; x_wconf 87' lang='grc'><strong>61.</strong></span> <span class='ocrx_word' id='word_1_158' title='bbox 493 4223 572 4277; x_wconf 78' lang='lat' dir='ltr'><strong>Circa</strong></span> <span class='ocrx_word' id='word_1_159' title='bbox 584 4238 638 4286; x_wconf 89' lang='lat' dir='ltr'><strong>cor,</strong></span> <span class='ocrx_word' id='word_1_160' title='bbox 650 4223 679 4276; x_wconf 87' lang='lat' dir='ltr'><strong>in</strong></span> <span class='ocrx_word' id='word_1_161' title='bbox 693 4223 792 4277; x_wconf 84' lang='lat' dir='ltr'><strong>intimo</strong></span> <span class='ocrx_word' id='word_1_162' title='bbox 810 4223 898 4277; x_wconf 87' lang='lat' dir='ltr'><strong>corde.</strong></span> 
     </span>
    </p>
   </div>
   <div class='ocr_carea' id='block_1_11' title="bbox 0 0 1774 5156">
    <p class='ocr_par' dir='ltr' id='par_1_13' title="bbox 0 0 1774 5156">
     <span class='ocr_line' id='line_1_28' title="bbox 0 0 1774 5156; baseline 0 0"><span class='ocrx_word' id='word_1_163' title='bbox 0 0 1774 5156; x_wconf 95' lang='lat' dir='ltr'><strong> </strong></span> 
     </span>
    </p>
   </div>
  </div>
 </body>
</html>
