3554 5156
413 960 454 1030 68
648 975 904 1032 euucumruuo
924 975 1047 1042 Arous
1067 977 1195 1033 ansam

496 1144 665 1214 Mercator
678 1143 884 1227 respondere
897 1144 1095 1228 conabatur,
1109 1151 1208 1216 tanto
1220 1153 1337 1217 tamen
1347 1155 1415 1219 ter·

410 1283 487 1333 rore
501 1267 575 1330 erat
589 1261 773 1343 perculsus,
792 1267 833 1332 ut
858 1260 979 1332 dentes
1002 1269 1141 1332 tantum
1167 1263 1230 1334 sibi
1255 1272 1413 1336 concute·

413 1385 543 1450 rentur.

493 1495 630 1580 “Soelio,
674 1493 904 1578 ingratissime
916 1494 945 1565 !'’
976 1495 1140 1568 inclamat
1169 1519 1250 1568 eum
1286 1499 1411 1571 Bestia

412 1613 526 1698 “Cibo,
541 1611 761 1697 suffugioque
775 1619 811 1682 te
824 1612 952 1696 excepi,
975 1619 1111 1684 noctem
1126 1615 1191 1685 sub
1205 1615 1305 1686 tectis
1327 1617 1414 1689 meis

410 1731 565 1816 exegisti,
579 1737 620 1800 tu
634 1737 751 1800 autem
766 1729 929 1800 beneficia
953 1751 1031 1801 mea
1055 1731 1152 1802 furto
1177 1755 1331 1806 meorum
1354 1734 1414 1806 do·

412 1871 490 1922 rum
510 1869 642 1932 pensas
664 1847 776 1917 Morte
798 1869 836 1917 es
860 1846 997 1931 dignus,
1023 1869 1127 1932 quam
1153 1857 1189 1920 et
1213 1851 1330 1922 statim
1356 1874 1413 1938 op-

406 1967 534 2054 petes”

493 2083 663 2154 Mercator
677 2103 714 2152 se
728 2081 909 2152 confestim
923 2081 959 2152 in
974 2103 1090 2165 genua
1104 2090 1184 2154 ante
1199 2085 1303 2168 pedes
1317 2108 1412 2158 mon·

410 2203 472 2275 stri
486 2199 666 2286 provolvit
677 2198 843 2270 'fremens
856 2197 1069 2270 balbutiebat
1083 2221 1119 2270 se
1132 2222 1244 2272 rosam
1255 2224 1317 2286 pro
1332 2203 1411 2289 filia,

410 2327 496 2392 natu
510 2317 661 2398 minima,
676 2315 851 2400 carpsisse,
872 2315 1078 2400 veniamque
1093 2317 1167 2388 eius
1180 2317 1371 2402 flagitabat.

494 2433 690 2517 “Quidquid
704 2431 853 2516 iusseris,
869 2431 1013 2504 libenter
1037 2454 1094 2504 me
1116 2435 1292 2507 facturum
1314 2459 1413 2522 spon·

411 2554 506 2636 deo,’'
521 2549 641 2623 orabat
655 2557 834 2632 mercator,
849 2550 877 2620 si
892 2549 992 2621 modo
1006 2549 1089 2621 vitae
1102 2572 1189 2622 meae
1202 2556 1353 2637 parcas.’'

493 2668 661 2738 “Mortem
675 2664 861 2749 meruisti,”
876 2666 995 2736 reboat
1010 2667 1134 2754 Bestia,
1150 2670 1315 2742 frendens
1330 2672 1411 2744 den·

407 2786 511 2869 tibus,
525 2783 652 2855 “unam
667 2791 784 2853 tamen
804 2783 917 2866 legem
938 2789 1101 2868 statuam,
1127 2793 1199 2857 tuae
1224 2789 1353 2860 salutis.
1374 2789 1410 2862 Si

405 2906 520 2975 faeere
535 2899 663 2986 poteris
676 2907 718 2970 ut
731 2921 803 2970 una
817 2899 965 2970 filiarum
979 2906 1122 2972 tuarum
1136 2924 1199 2974 sua
1209 2913 1330 2989 sponte
1341 2907 1410 2978 huc

404 3019 533 3102 veniat,
547 3017 657 3088 sinam
670 3022 713 3086 ut
727 3015 806 3086 hinc
821 3015 937 3088 salvus
962 3017 1076 3090 abeas.
1103 3017 1234 3091 Licebit
1248 3030 1290 3092 ut
1304 3023 1408 3095 etiam

405 3135 504 3208 hodie
520 3133 681 3205 discedas.
704 3133 786 3202 Post
800 3153 908 3202 unum
923 3155 1078 3204 mensem
1093 3144 1252 3207 exactum
1269 3139 1341 3210 sive
1355 3147 1408 3224 tu,

303 3319 305 3326 ,
406 3254 478 3325 sive
494 3273 563 3322 una
575 3249 723 3320 filiarum
738 3256 879 3319 tuarum
893 3249 961 3320 huc
978 3251 1095 3321 veniet
1116 3253 1151 3322 in
1174 3275 1286 3326 meam
1311 3257 1410 3328 ditio·

403 3392 495 3441 nem.
518 3367 612 3439 Nihil
626 3366 687 3437 tibi
702 3365 854 3450 proderit
868 3367 1039 3450 effugium
1054 3369 1221 3441 meditari.
1237 3371 1272 3442 Si
1285 3381 1409 3445 neuter

405 3493 561 3559 vestrum
574 3484 643 3555 huc
657 3484 801 3566 venerit,
815 3483 981 3554 familiam
996 3491 1095 3555 tuam
1117 3493 1226 3557 totam
1250 3491 1409 3562 extermi-

408 3603 531 3676 nabo.”

490 3721 660 3790 Mercator
674 3717 875 3802 desperatus
888 3739 1012 3788 manus
1026 3719 1217 3792 torsitabat.
1229 3723 1308 3794 Non
1317 3725 1409 3796 enirn

407 3835 470 3909 sabi
484 3835 668 3907 videbatur
681 3833 786 3904 ullam
802 3854 945 3904 suarum
958 3834 1106 3906 filiarum
1117 3837 1152 3906 in
1163 3837 1326 3910 ditionem
1336 3848 1410 3912 tam

406 3952 564 4026 immanis
578 3949 722 4020 monstri
735 3971 798 4020 sua
812 3957 932 4035 sponte
947 3951 1065 4023 venire
1076 3953 1269 4039 volituram,
1280 3957 1409 4029 nedum

406 4093 442 4144 se
457 4067 622 4142 eiusmodi
636 4067 810 4152 proposito
822 4089 1052 4139 assensurum.

490 4184 615 4256 “Nunc
628 4205 712 4254 vero
727 4183 770 4266 i,''
784 4185 925 4255 tandem
957 4192 1039 4256 atur
1055 4187 1178 4259 Bestia.
1201 4187 1288 4260 “Per
1301 4212 1358 4262 me
1371 4191 1410 4262 li·
