3554 5156
400 955 441 1027 72
632 977 889 1030 ruscumruoo
910 977 1031 1041 Arous
1051 977 1176 1031 ausam

399 1140 485 1223 quit.
497 1141 537 1212 ln
551 1141 706 1213 cubiculo
721 1143 855 1227 attiguo
870 1151 1040 1214 mercator
1054 1143 1157 1215 riscos
1171 1145 1298 1228 reperit
1314 1143 1397 1228 auri,

400 1279 684 1343 gemmarumque
698 1262 827 1344 plenos.
1344 1353 1347 1362 .

484 1375 643 1448 “Numne
658 1379 722 1448 hoc
736 1387 789 1449 est
804 1379 896 1463 quod
912 1379 995 1449 mihi
1020 1401 1155 1450 mecum
1183 1379 1322 1450 domum
1349 1401 1399 1450 re

397 1495 491 1564 terre
506 1495 642 1566 liceat‘l”
657 1497 825 1566 exclamat
838 1504 1016 1567 mercator.
1033 1495 1173 1579 “Ehem,
1187 1497 1235 1568 sic
1249 1505 1322 1568 tam
1337 1498 1399 1568 eri-

399 1633 477 1683 mus
491 1614 644 1697 opulenti
665 1637 768 1699 quam
790 1638 944 1700 unquam
967 1622 1070 1686 antea
1094 1615 1244 1686 fuimus!
1265 1619 1315 1688 At
1334 1615 1398 1686 hoc

399 1730 548 1814 pretium
561 1732 615 1801 tui
629 1741 691 1816 est,
706 1733 960 1816 Pulchritudo,”
974 1733 1084 1816 inquit
1092 1732 1250 1816 lacrymis
1261 1733 1398 1803 obortis

483 1849 705 1920 Pulchritudo
719 1873 799 1920 eum
816 1851 916 1921 solari
931 1850 1128 1934 conabatur,
1143 1872 1353 1934 quamquam
1364 1859 1400 1921 et
1490 1861 1495 1868 '

398 1965 472 2049 ipsa
486 1988 615 2049 angore
630 1969 739 2037 omnis
761 1968 954 2038 tenebatur.
977 1969 1128 2038 Reversa
1140 1967 1176 2038 in
1192 1989 1294 2038 suum
1308 1969 1399 2038 cubi-

397 2084 524 2167 culum,
540 2106 583 2154 ne
598 2084 641 2154 de
656 2085 770 2155 Bestia
791 2085 985 2167 somniaret,
1011 2085 1166 2155 cubitum
1189 2084 1240 2154 ire
1265 2085 1398 2155 metuit.

399 2200 645 2272 Verumtamen
660 2210 736 2286 post
751 2203 880 2286 aliquot
892 2203 993 2272 horas
1008 2224 1128 2286 sopore
1152 2209 1206 2272 est
1229 2223 1398 2286 oppressa,

398 2339 439 2388 ac
452 2339 514 2402 per
526 2319 677 2401 quietem
691 2341 727 2390 se
751 2321 787 2390 in
809 2320 910 2390 horto
936 2319 1111 2389 ambulare
1137 2319 1337 2389 somniabat.
1359 2319 1399 2390 ln

399 2435 545 2518 quodam
572 2437 766 2507 ambulacro
795 2437 967 2520 iuvenem,
997 2443 1195 2520 sumptuose
1224 2437 1399 2520 vestitum,

399 2555 500 2624 vultu
514 2555 755 2624 venustissimo
769 2555 832 2625 sibi
847 2554 983 2625 obviam
997 2553 1070 2624 fieri
1083 2553 1199 2624 videre
1221 2553 1283 2624 sibi
1307 2554 1401 2624 vide·

398 2671 511 2741 batur.
535 2672 576 2754 ls,
593 2693 697 2741 manu
712 2672 786 2743 eius
801 2679 949 2756 sumpta,
964 2671 1143 2741 fatebatur
1157 2693 1193 2741 sc
1208 2693 1283 2741 eam
1309 2693 1400 2741 ama-

399 2810 445 2868 re,
465 2787 705 2872 flagitavitque
730 2797 771 2859 ut
784 2811 820 2858 se
836 2810 1004 2858 acarcere
1030 2811 1092 2858 suo
1119 2788 1287 2858 liberaret.
1312 2789 1400 2871 Ipsa,

398 2904 558 2988 vicissim,
573 2906 749 2988 quaerebat
764 2905 845 2989 quid
861 2905 994 2975 iuvenis
1008 2905 1153 2975 innuere
1167 2905 1280 2986 vellet,
1296 2903 1398 2974 atille

398 3022 565 3106 explicare
579 3022 753 3106 nequibat,
770 3044 810 3092 ac
825 3029 902 3104 post
917 3022 992 3092 haec
1017 3023 1091 3106 ipsa
1117 3021 1304 3104 evigilavit.
1327 3022 1398 3091 lam

394 3147 471 3210 erat
486 3161 596 3223 mane,
610 3140 751 3224 proinde
766 3139 840 3222 ipsa
853 3139 1013 3215 surrexit.
1035 3161 1140 3222 seque
1163 3138 1285 3209 induit.
1308 3139 1398 3209 Dum

396 3259 469 3328 baec
484 3258 619 3342 agebat,
634 3257 804 3328 somnium
819 3256 881 3326 sibi
896 3257 1057 3326 continuo
1069 3255 1316 3326 obversabatur
1326 3255 1400 3338 ipsa

395 3377 542 3446 mirante
563 3375 645 3458 quid
675 3374 710 3443 id
740 3373 969 3457 portenderet,
999 3395 1043 3443 an
1074 3381 1193 3443 utrum
1216 3372 1245 3442 is
1265 3372 1400 3442 iuvenis

395 3494 536 3577 quidam
552 3501 650 3574 esset,
666 3513 769 3575 quem
786 3491 901 3560 Bestia
909 3490 1036 3561 'alicubi
1047 3490 1082 3560 in
1093 3512 1242 3561 caverna
1253 3489 1400 3572 quadam

394 3611 511 3696 palatii
527 3611 702 3694 captivum
717 3615 859 3678 teneret.

479 3729 634 3812 Denique
648 3727 737 3811 patri
748 3726 920 3808 valedixit,
930 3726 988 3807 qui
999 3725 1136 3794 interim
1146 3723 1249 3793 riscos
1262 3723 1398 3792 thesau-

394 3847 442 3916 ris
469 3853 619 3928 0nustos,
646 3845 755 3915 dorsis
776 3864 942 3928 equorum
968 3841 1127 3925 plurium,
1155 3841 1213 3923 qui
1237 3839 1402 3911 ulteriora

395 3964 484 4034 dona
498 3970 597 4033 erant
613 3961 747 4043 Bestiae,
773 3961 985 4044 alligaverat,
1012 3957 1153 4028 domum
1176 3956 1401 4040 obequitavit.

393 4082 484 4151 Tum
500 4079 722 4150 Pulchritudo
742 4077 916 4149 conclavia
929 4075 1047 4158 palatii
1061 4073 1398 4144 circumambulando

392 4199 607 4282 exploratum
623 4197 696 4266 ivit.
720 4196 759 4264 ln
775 4193 916 4277 singulis
932 4214 1052 4262 eorum
1066 4190 1192 4274 aliquid
1208 4189 1341 4273 pulchri
1351 4197 1402 4260 at·
