3522 5156
650 977 819 1034 ruerant
846 979 1021 1034 mmnmr
1292 967 1336 1040 2³

337 1149 407 1218 uni
419 1147 588 1218 coenaturi
600 1153 725 1230 essent,
740 1169 822 1218 nam
836 1146 954 1231 Regiae
968 1147 1063 1220 luiae
1075 1156 1150 1220 erat
1162 1149 1258 1222 illum
1272 1152 1336 1223 hoc

337 1264 509 1348 proposito
522 1263 566 1335 ad
580 1285 713 1335 coenam
726 1263 884 1348 invitare,
896 1271 1002 1349 atque
1012 1266 1176 1349 cyathum
1190 1289 1338 1342 venena·

337 1387 414 1452 tum
427 1381 502 1465 ipsa
515 1389 590 1452 erat
602 1381 649 1452 illi
663 1390 874 1465 porrectura.

420 1498 527 1582 Regia
555 1499 640 1569 Filia
668 1505 793 1570 cuncta
822 1498 896 1570 haec
921 1500 965 1571 ad
990 1501 1152 1572 amussim
1174 1503 1336 1586 perfecit:

336 1615 575 1687 blandiebatur
589 1637 702 1700 mago,
716 1616 817 1701 eique
831 1617 997 1688 arridenti
1013 1619 1177 1702 cyathum
1191 1641 1339 1692 venena·

336 1740 412 1805 tum
425 1734 586 1818 porrexit.
612 1734 646 1804 Is
669 1734 833 1818 cyathum
857 1735 982 1819 hausit,
1006 1735 1191 1821 statimque
1214 1744 1338 1808 retror-

335 1873 412 1922 sum
433 1851 589 1922 concidit.
613 1851 794 1936 Extemplo
817 1852 1006 1924 Aladdinus
1027 1853 1144 1936 intrat,
1165 1862 1336 1939 rogatque

334 1969 477 2054 Regiam
490 1969 611 2040 Filiam
625 1975 667 2039 ut
679 1991 741 2053 pro
755 1969 916 2053 praesenti
929 1969 966 2039 in
980 1971 1155 2055 proprium
1174 1973 1336 2044 conclave

334 2109 370 2158 se
384 2086 534 2170 recipiat,
551 2086 642 2171 quod
663 2107 772 2170 quum
795 2087 869 2170 ipsa
892 2087 1039 2171 fecisset,
1063 2088 1136 2171 ipse
1159 2089 1335 2161 lucernam

333 2211 470 2275 mortuo
483 2225 585 2287 mago
600 2203 731 2287 adimit,
745 2204 955 2288 geniumque
980 2206 1129 2276 lucernae
1152 2207 1334 2277 confestim

333 2328 465 2392 evocat.

414 2437 537 2521 “Velis
553 2438 600 2508 mi
614 2438 745 2522 genie,”
760 2438 809 2508 ait
823 2437 869 2509 illi
885 2437 1085 2523 Aladdinus,
1106 2439 1190 2511 “nos
1214 2463 1334 2513 omnes

329 2578 410 2628 cum
419 2555 546 2640 palatio
560 2555 596 2626 in
611 2554 720 2637 Seres,
734 2556 913 2639 locumque
935 2555 1119 2640 pristinum
1141 2558 1258 2641 palatii
1281 2581 1333 2629 re-

332 2673 506 2746 stituere.”

413 2793 551 2863 Dictum
575 2798 611 2862 et
633 2792 777 2874 factum,
801 2797 836 2861 et
858 2791 907 2861 ita
930 2791 1078 2876 quidem,
1090 2799 1132 2863 ut
1146 2802 1272 2878 praeter
1286 2795 1333 2866 le·

330 2933 410 2982 nem
424 2909 678 2994 quassationem
692 2909 727 2978 in
743 2907 953 2980 sublevando
974 2909 1254 2996 demittendoque
1276 2935 1333 2996 pa-

330 3029 423 3111 latio,
437 3027 521 3098 nihil
535 3027 722 3111 quidquam
735 3026 938 3097 incommodi
952 3029 1191 3114 percepissent.

413 3146 526 3230 Igitur
540 3143 731 3215 Aladdinus
741 3143 916 3228 Regiaque
927 3144 1021 3228 Filia,
1032 3145 1172 3216 tandem
1182 3146 1334 3231 aliquan-

330 3264 374 3335 do
387 3264 515 3334 iterum
529 3262 565 3332 in
580 3261 717 3344 propria
732 3261 843 3344 patria
858 3265 928 3332 una
941 3270 1176 3334 coenaverunt.
1192 3263 1332 3335 Postero

329 3403 440 3464 mane,
455 3380 514 3452 ubi
528 3379 703 3463 Sullaque,
716 3385 758 3452 ut
772 3386 847 3450 erat
861 3379 915 3450 sui
929 3379 1042 3462 moris,
1063 3379 1170 3451 tristis
1194 3403 1213 3452 e
1236 3383 1332 3452 fene·

330 3499 410 3571 stris
424 3499 495 3569 suis
508 3497 758 3582 prospectabat,
773 3519 854 3568 cum
868 3519 1003 3568 summo
1018 3504 1159 3582 stupore
1168 3499 1266 3571 videt
1274 3521 1333 3584 pa·

330 3618 462 3699 latium,
477 3616 569 3700 quod
584 3617 653 3686 iam
668 3616 801 3700 pridem
816 3615 990 3700 direptum
1004 3623 1091 3700 erat,
1113 3617 1238 3688 iterum
1260 3619 1333 3689 loco

330 3756 392 3807 suo
407 3733 507 3804 solito
522 3741 624 3804 stare.
647 3735 763 3815 Quum
778 3733 927 3816 denique
941 3755 982 3804 eo
995 3733 1222 3818 transivisset,
1234 3741 1270 3805 et
1284 3734 1334 3805 in-

329 3872 468 3936 gressus
482 3850 649 3934 palatium
662 3850 698 3920 in
713 3873 754 3920 eo
769 3872 868 3921 suam
892 3849 998 3921 filiam
1023 3849 1213 3934 reperisset,
1233 3858 1332 3922 tanto

327 3966 453 4052 gaudio
467 3966 538 4038 fuit
552 3967 709 4052 affectus,
718 3976 760 4039 ut
773 3967 877 4038 filiam
892 3988 991 4040 suam
1004 3974 1110 4052 atque
1125 3967 1332 4040 Aladdinum

328 4084 455 4156 iterum
468 4085 667 4170 iterumque
686 4087 901 4169 amplexatus
915 4091 1015 4168 esset,
1031 4085 1115 4156 etin
1130 4107 1250 4157 eorum
1273 4085 1332 4157 ho·

329 4223 448 4274 norem
461 4223 628 4286 magnum
642 4202 840 4274 convivium
853 4204 966 4286 parari
979 4203 1142 4276 iussisset.
