3554 5156
403 931 466 1000 140
598 989 600 996 ,
810 946 997 1002 cmsunn

401 1121 556 1185 neret-
569 1135 639 1185 uno
654 1114 771 1199 verbo,
785 1136 877 1186 unus
891 1135 972 1198 uno,
987 1115 1074 1187 alius
1088 1115 1155 1186 alio
1169 1115 1270 1186 modo
1291 1114 1402 1186 defici·

401 1230 491 1315 ebat‚
506 1252 569 1302 nec
583 1253 675 1303 unus
688 1232 842 1303 omnium
862 1233 1054 1304 verosimile
1075 1240 1150 1304 erat
1173 1233 1210 1303 in
1234 1233 1298 1304 hoc
1319 1232 1401 1303 novi

400 1348 537 1432 generis
550 1349 691 1434 tugurio
704 1350 827 1422 canino
841 1350 1016 1422 commode
1030 1350 1141 1421 iacere
1155 1372 1263 1435 posse.
1293 1351 1402 1435 Expe-

338 1521 342 1530 .
401 1466 526 1536 n'entia
540 1467 693 1537 omniurn
703 1468 808 1550 facti,
818 1467 979 1537 minimus
988 1467 1078 1537 filius
1088 1467 1238 1551 accessit,
1249 1475 1401 1552 etquum

402 1603 438 1653 se
463 1589 544 1653 ante
569 1590 704 1667 patrem
728 1584 874 1655 officiose
898 1585 1127 1668 proclinasset,
1141 1607 1266 1655 nucem
1280 1586 1403 1656 avella-

402 1721 483 1770 nam
498 1701 529 1770 ei
544 1701 695 1783 porrexit
709 1709 878 1786 precatus,
893 1709 934 1773 ut
948 1723 1025 1772 eam
1046 1709 1147 1772 caute
1168 1703 1283 1786 frangi
1306 1724 1403 1774 cura·

403 1824 466 1889 ret.
485 1818 558 1888 Hoc
572 1819 677 1902 facto,
691 1819 865 1890 caniculus
879 1818 1054 1901 candidus,
1079 1819 1227 1890 maxime
1250 1819 1401 1902 scitulos,

402 1935 438 2006 in
453 1957 595 2006 manum
610 1936 702 2020 regis
714 1936 794 2008 inde
808 1937 941 2021 exsiliit,
956 1936 1207 2021 caudulamque
1223 1959 1398 2021 quassans,

403 2052 539 2123 domino
554 2075 617 2123 suo
631 2053 871 2125 adulabundus
886 2075 922 2124 se
937 2054 1078 2137 afflixit,
1091 2054 1170 2125 inde
1185 2062 1304 2124 autem
1324 2076 1404 2125 con·

403 2191 534 2253 versus,
548 2178 691 2241 caeteros
704 2171 882 2254 caniculos,
901 2170 992 2241 omni
1007 2192 1076 2254 qua
1090 2193 1153 2254 par
1167 2177 1243 2241 erat
1256 2172 1302 2255 vi,
1317 2172 1405 2242 dele·

402 2288 516 2360 ctabili
531 2289 631 2359 modo
645 2289 828 2372 allatravit,
850 2289 943 2358 omni
967 2289 1063 2358 curia
1088 2289 1270 2360 arridente.
1292 2291 1404 2360 Nemo

402 2427 542 2490 prorsus
551 2407 642 2476 inter
649 2427 767 2476 omnes
773 2413 848 2476 erat
858 2405 918 2490 qui
928 2427 970 2476 ea
980 2428 1017 2476 re
1029 2405 1218 2476 delectatus
1225 2427 1294 2476 non
1303 2415 1403 2491 esset,

402 2531 508 2606 atque
518 2544 623 2592 senex
633 2544 694 2592 rex
705 2523 831 2593 iterum
841 2524 1057 2606 amplexatus
1066 2523 1404 2594 filiumsuumfortu·

402 2647 535 2722 natum,
550 2645 693 2710 caeteros
703 2639 874 2710 caniculos
888 2662 909 2709 a
923 2639 1115 2710 domesticis
1128 2641 1164 2710 in
1179 2661 1274 2710 mare
1289 2641 1404 2724 proiici

403 2758 512 2840 iussit,
526 2756 612 2826 filios
626 2763 744 2826 autem
760 2757 807 2826 sic
828 2763 881 2826 est
904 2757 1050 2827 affatus:
1073 2755 1309 2828 “Dilectissimi
1334 2757 1405 2842 filii,

405 2874 608 2958 gravissima
637 2895 743 2958 pensa
773 2881 890 2944 vestra
917 2873 986 2944 iam
1015 2875 1255 2957 superavistis;
1288 2875 1405 2946 audite

402 3014 496 3062 nunc
524 3013 641 3061 meum
671 2991 832 3061 ultimum
857 2991 1087 3075 propositum:
1109 2992 1322 3076 quiscunque
1347 3016 1406 3064 ve·

403 3117 514 3179 strum
530 3108 792 3191 pulcherrimam
807 3109 976 3191 virginem
990 3130 1107 3179 secum
1122 3109 1262 3179 domum
1277 3110 1405 3194 tulerit,

403 3226 433 3298 is
447 3249 544 3296 meus
557 3227 645 3296 illico
660 3227 725 3296 erit
739 3227 879 3296 haeres.’'

488 3345 674 3414 Praemium
686 3343 844 3413 laborum
866 3344 951 3414 adeo
973 3345 1145 3426 allectam,
1169 3351 1274 3428 atque
1298 3353 1406 3416 certa-

403 3485 494 3544 men,
510 3461 667 3532 omnibus
681 3467 754 3530 tam
770 3483 909 3544 aequum
924 3461 1115 3545 videbatur,
1131 3468 1172 3532 ut
1195 3462 1239 3532 ad
1262 3484 1348 3545 opus
1369 3483 1406 3532 se

403 3580 581 3662 accingere
594 3578 710 3649 nullus
723 3579 889 3648 iuvenum
905 3578 1089 3662 dubitaret,
1104 3580 1225 3663 utique
1240 3601 1304 3650 suo
1315 3581 1406 3663 quis·

404 3719 472 3781 que
497 3696 598 3766 modo
622 3694 771 3779 pabnarn
796 3694 978 3765 relaturus.
1000 3695 1162 3766 Minimus
1182 3702 1268 3766 natu
1290 3695 1405 3765 animo

402 3835 496 3885 nunc
510 3835 579 3883 non
593 3813 679 3882 adeo
693 3811 862 3882 aestuabat
877 3832 981 3895 quam
996 3819 1108 3894 antea
1124 3813 1171 3882 sic
1186 3812 1278 3882 enim
1289 3835 1405 3883 secum

402 3929 592 4013 cogitabat:
623 3927 770 4000 “Vetula
793 3929 851 3999 illa
875 3949 960 3998 rana
984 3928 1151 3999 hactenus
1173 3951 1230 3999 me
1253 3929 1405 4000 iuvando

404 4055 496 4119 certe
511 4044 660 4119 multum
681 4054 828 4132 poterat,
853 4054 891 4118 at
915 4069 1007 4118 nunc
1030 4047 1139 4117 omnis
1164 4069 1228 4117 sua
1252 4047 1407 4130 potentia

402 4165 487 4235 nihil
502 4165 586 4236 mihi
596 4165 755 4249 prodesse
766 4163 902 4249 poterit;
912 4163 1053 4236 ubinam
1063 4163 1155 4234 enirn
1165 4163 1323 4247 gentium
1334 4163 1409 4248 ipsa
