3554 5156
426 945 487 1014 114
800 959 883 1014 seru
908 959 1049 1015 obortus

423 1126 564 1210 scirpis¹1
588 1125 867 1220 viminibusquefl
889 1125 1016 1197 lentis¹³
1032 1148 1071 1196 ac
1085 1125 1193 1196 firmis
1217 1125 1366 1196 texendo
1388 1147 1427 1196 ac

422 1243 601 1326 plectendo
629 1249 786 1326 egerunt,
817 1264 895 1326 quae
924 1241 1063 1327 quidem
1091 1243 1307 1314 tenacissima
1342 1250 1425 1314 erat.

424 1360 516 1430 Elisa
529 1360 565 1428 in
580 1381 656 1429 eam
671 1359 843 1443 decubuit,
865 1367 971 1443 atque
986 1361 1055 1430 sole
1070 1367 1156 1443 orto,
1171 1382 1280 1444 quum
1301 1362 1429 1430 tratres

422 1476 549 1548 iterum
564 1477 599 1546 in
616 1477 720 1548 Feros
734 1477 851 1548 Olores
877 1485 959 1549 sunt
972 1478 1073 1560 versi,
1088 1477 1124 1547 hi
1138 1484 1285 1547 mattam
1307 1479 1427 1548 rostris

422 1594 681 1678 prehendentes,
697 1593 787 1664 inter
800 1594 910 1664 nubes
925 1594 1196 1666 subvolaverunt
1210 1616 1361 1665 sororem
1376 1596 1427 1664 fe·

424 1718 548 1795 rentes,
574 1732 653 1795 quae
677 1732 786 1794 usque
812 1710 1011 1783 dormiebat
1033 1712 1203 1793 Quoniam
1228 1733 1312 1782 vero
1342 1711 1428 1782 radii

422 1829 502 1902 solis
516 1830 616 1912 plena
629 1828 664 1897 vi
679 1827 715 1898 in
730 1828 867 1898 vultum
882 1829 956 1900 eius
969 1827 1173 1912 inciderunt,
1189 1851 1281 1900 unus
1295 1831 1427 1900 olorum

423 1966 528 2029 supra
541 1951 646 2028 caput
659 1945 733 2015 eius
748 1944 942 2028 subvolant,
957 1945 1095 2018 vultum
1108 1947 1182 2017 eius
1193 1968 1256 2016 sua
1266 1947 1363 2030 larga
1373 1947 1428 2017 ala

422 2060 635 2132 obumrabat.

507 2177 623 2262 Quum
639 2177 730 2248 Elisa
743 2178 930 2262 evigilavit,
942 2201 963 2248 a
974 2185 1067 2249 terra
1077 2179 1145 2249 iam
1156 2179 1257 2263 longe
1271 2179 1426 2262 aberant,

421 2318 501 2382 quae
514 2302 630 2366 tamen
645 2295 708 2366 sibi
723 2317 834 2380 usque
849 2295 1019 2366 somniare
1033 2296 1228 2380 videbatur,
1241 2304 1314 2368 tam
1339 2298 1429 2368 inso-

421 2413 505 2485 litus
529 2413 560 2483 ei
585 2413 722 2483 volatus
747 2432 808 2496 per
833 2433 914 2482 aera
937 2434 1111 2496 supraque
1140 2415 1249 2484 maria
1272 2414 1426 2498 parebat.

423 2530 525 2601 quta
539 2550 586 2612 se,
600 2528 636 2598 iu
652 2535 772 2612 matta,
788 2549 964 2598 racemum
977 2530 1104 2613 reperit
1129 2531 1288 2602 suavium
1311 2531 1428 2601 bacca·

422 2668 512 2730 rum,
538 2652 643 2729 atque
668 2643 871 2716 fasciculum
898 2645 1094 2730 sapidarum
1118 2647 1283 2718 radicum.
1305 2647 1428 2718 Frater

422 2770 508 2834 natu
522 2762 684 2834 minimus
697 2762 772 2832 haec
785 2761 922 2846 collegit
935 2769 971 2832 et
985 2764 1176 2846 apparavit·
1191 2763 1265 2848 ipsa
1278 2765 1428 2848 gratiam

423 2881 454 2954 ei
479 2887 580 2962 nutu,
605 2879 702 2950 etin
727 2900 809 2950 eum
833 2879 1001 2962 renidens,
1023 2879 1179 2963 reddidit,
1208 2881 1306 2952 novit
1335 2881 1427 2952 enim

424 3000 516 3069 bunc
531 2997 628 3068 velut
642 3017 723 3067 eum
738 2997 876 3078 olorem,
891 2995 949 3079 qui
964 3015 1068 3078 supra
1092 3019 1128 3066 se
1153 2999 1284 3081 volans,
1307 2999 1371 3068 alis
1391 3019 1428 3068 se

425 3114 655 3188 obumbravit.

528 3300 568 3352 11.
585 3296 721 3365 scirpus.
739 3295 773 3360 -i,
798 3297 840 3350 uti
861 3297 966 3360 iuncus,
988 3303 1102 3365 utraque
1123 3303 1165 3352 est
1182 3301 1276 3366 planta
1289 3301 1427 3366 palustris,

428 3385 515 3438 alters
534 3389 614 3444 teres,
637 3381 666 3434 in
687 3380 878 3434 tenuissimum
899 3380 1026 3434 desinens
1047 3396 1170 3444 acumen,
1187 3383 1332 3436 admodum
1344 3390 1428 3445 recta,

427 3467 488 3522 elue
500 3465 630 3526 articulis,
643 3471 692 3517 aut
704 3464 789 3526 nodo;
803 3463 889 3516 altera
901 3469 992 3518 autem
1006 3470 1047 3518 est
1060 3465 1159 3528 tenuis,
1172 3467 1262 3532 plana,
1272 3467 1300 3520 in
1310 3469 1427 3533 speciem

428 3552 507 3612 ulrae,
529 3549 627 3610 herbae,
649 3553 697 3600 aut
718 3547 863 3610 mucronis,
885 3548 968 3600 etiam
990 3547 1049 3600 sine
1069 3548 1148 3610 nodo,
1166 3549 1238 3601 unde
1255 3551 1428 3616 proverbium

428 3639 538 3687 enatum
552 3637 594 3684 ast
607 3631 724 3683 “nodum
738 3631 766 3682 iu
781 3630 886 3692 iunco‚”
900 3632 944 3683 vel
958 3632 1062 3696 “scirpo
1083 3635 1228 3698 quaerere?
1242 3633 1260 3685 i.
1274 3649 1305 3696 e,
1319 3635 1427 3701 culpam

429 3731 549 3786 querere
561 3716 608 3768 ubi
622 3716 698 3767 nulla
711 3720 760 3768 est

530 3801 570 3852 12.
592 3797 705 3862 Vimen,
722 3797 805 3862 dois,
821 3815 857 3860 n,
870 3798 955 3864 virgae
972 3797 1094 3860 salicum,
1111 3799 1244 3861 arborum,
1258 3815 1318 3866 quae
1336 3817 1429 3854 secun·

429 3885 493 3939 dum
506 3882 624 3950 paludes,
637 3881 718 3943 rivos,
732 3881 873 3934 decursum
885 3897 1023 3947 aquarum,
1037 3887 1085 3934 aut
1097 3881 1126 3933 in
1138 3888 1212 3935 terra
1224 3883 1307 3936 uvida
1316 3900 1429 3937 nascun·

429 3973 482 4028 tur,
495 3965 621 4032 equibus
634 3965 735 4031 qualos,
749 3963 865 4026 fiscinas,
879 3964 972 4017 corbes
984 3964 1073 4016 omnis
1085 3965 1193 4030 generis
1205 3967 1322 4031 plectere
1331 3969 1428 4022 solent.

530 4047 710 4110 rancores,
728 4061 768 4110 ·a,
786 4061 859 4109 -um,
882 4052 979 4114 praeter
999 4053 1155 4100 consuetam
1169 4054 1196 4101 et
1210 4049 1379 4115 quotidinam
1392 4051 1429 4105 si·

469 4115 642 4176 dicationem,
656 4131 716 4181 quae
729 4115 887 4166 adversatur
894 4111 1052 4176 ostentati,
1065 4115 1147 4167 etiam
1156 4115 1282 4178 flexilem,
1296 4119 1340 4168 vel
1353 4117 1430 4170 dexi-

450 4183 514 4236 ilem
527 4181 676 4248 quamlibet
687 4196 745 4234 rem
758 4181 904 4248 significat.
