3540 5156
409 939 474 1008 210
746 954 852 1008 ouon
872 953 917 1006 nr
939 952 1076 1007 rsrcnn
1201 921 1204 928 ’

490 1123 563 1192 Nec
576 1127 708 1191 morata
731 1121 871 1204 Psyche,
895 1121 1008 1204 pergit
1034 1121 1229 1203 Taenarum,
1252 1121 1411 1204 sumptis·
1448 1165 1454 1179 ·

410 1259 479 1322 que
506 1240 573 1308 rite
601 1238 748 1321 stipibus
772 1237 846 1320 iilis,
871 1244 907 1307 et
932 1237 1057 1320 offulis,
1082 1237 1234 1308 inferum
1259 1239 1412 1309 decurrit

410 1363 581 1437 meatum;
604 1357 816 1438 transitoque
830 1377 891 1438 per
906 1355 1079 1425 silentium
1094 1356 1239 1425 asinario
1250 1357 1361 1440 debili,
1377 1365 1413 1428 et

410 1474 581 1543 amnica¹⁶¹
602 1474 689 1557 stipe
713 1473 840 1543 vectori
864 1473 955 1556 data,
978 1474 1134 1556 neglecto
1157 1475 1413 1556 supernatantis

411 1589 539 1660 mortui
553 1589 729 1673 desiderio,
743 1597 779 1659 et
794 1589 917 1672 spretis
932 1590 1115 1659 textricum
1136 1589 1287 1660 subdolis
1309 1591 1414 1676 preci·

413 1707 487 1789 bus,
497 1714 533 1777 et
547 1707 664 1776 offulae
678 1707 752 1777 cibo
766 1707 876 1790 sopita
885 1707 978 1777 cauis
988 1706 1148 1777 horrendi
1159 1708 1262 1790 rabie,
1273 1708 1413 1778 domum

411 1825 625 1907 Proserpinae
649 1829 817 1906 penetrat.
843 1825 917 1895 Nec
941 1824 1117 1895 offerentis
1141 1825 1286 1908 hospitae
1311 1827 1415 1897 sedile

413 1941 605 2023 delicatum,
621 1942 676 2010 vei
690 1941 804 2011 cibum
819 1941 959 2011 beatum
980 1942 1145 2024 amplexa,
1168 1943 1228 2012 sed
1252 1950 1333 2014 ante
1358 1967 1415 2028 pe·

413 2061 473 2131 des
488 2059 562 2128 eius
576 2058 727 2128 residens
747 2057 896 2140 humilis,
921 2066 958 2128 et
981 2058 1107 2129 cibario
1130 2081 1219 2142 pane
1245 2067 1415 2144 contenta,

413 2176 603 2246 Veneream
619 2174 762 2257 protulit
774 2175 990 2258 legationem.
1012 2175 1205 2259 Statimque
1221 2185 1351 2248 secreto
1366 2199 1417 2248 re-

414 2294 541 2376 pletum
559 2292 821 2374 conclusamque
835 2293 996 2375 pyxidem
1021 2293 1170 2377 suscipit,
1186 2305 1222 2364 et
1236 2294 1353 2365 offulae
1366 2317 1418 2366 se.

415 2409 552 2493 quentis
566 2408 689 2478 fraude
703 2409 833 2478 caninis
846 2408 1028 2478 latratibus
1042 2410 1216 2492 obseratis,
1232 2418 1268 2480 et
1280 2412 1417 2482 residua

414 2527 543 2597 navitae
558 2526 692 2595 reddita
707 2527 805 2608 stipe,
821 2526 922 2608 longe
936 2527 1091 2609 vegetior
1106 2525 1150 2596 ab
1164 2527 1289 2598 Inferis
1302 2550 1417 2598 recur-

416 2644 469 2713 rit.
482 2643 527 2713 Et
537 2643 684 2726 repetita
699 2648 804 2725 atque
817 2642 959 2712 adorata
974 2642 1116 2713 candida
1127 2643 1193 2712 ista
1204 2645 1289 2727 luce,
1301 2666 1418 2727 quam·

328 2845 332 2856 ,
416 2782 519 2844 quam
533 2761 702 2830 festinans
715 2759 917 2841 obsequium
938 2760 1133 2841 terminare,
1148 2769 1264 2831 mente
1285 2763 1419 2845 capitur

417 2877 599 2947 temeraria
613 2875 819 2946 curiositate.

501 3025 576 3108 “Et
592 3026 701 3108 ecce,'’
716 3025 838 3108 inquit,
855 3023 991 3108 “inepta
1012 3047 1076 3107 ego
1089 3025 1215 3096 divinae
1228 3029 1422 3097 formosita-

418 3143 463 3213 tis
476 3143 606 3227 gerula
629 3163 707 3225 quae
721 3164 784 3212 nec
798 3141 972 3212 tantillum
997 3142 1136 3224 quidem
1162 3143 1313 3213 indidem
1337 3145 1421 3214 mibi

419 3260 539 3342 delibo,
557 3261 610 3329 vel
626 3261 673 3329 sic
687 3259 734 3329 illi
749 3260 893 3328 amatori
907 3281 984 3329 meo
997 3260 1148 3329 formoso
1163 3260 1360 3343 placitura.”
1376 3261 1421 3330 Et

419 3401 500 3448 cum
516 3377 606 3447 dicto
621 3383 752 3446 reserat
766 3375 935 3459 pyxidem.
947 3377 1020 3446 Nec
1031 3376 1219 3459 quidquam
1234 3377 1280 3447 ibi
1296 3400 1422 3460 rerum,

419 3517 484 3565 nec
512 3493 709 3564 formositas
733 3493 814 3574 ulia,
841 3492 900 3562 sed
926 3492 1083 3562 infernus
1104 3515 1253 3576 somnus,
1277 3517 1316 3565 ac
1340 3517 1422 3566 vere

420 3612 571 3696 Stygius,
586 3611 645 3694 qui
660 3611 777 3680 statim
791 3611 989 3692 cooperculo
1016 3609 1168 3680 revelato
1192 3611 1326 3681 invadit
1347 3634 1423 3682 eam

421 3751 535 3800 crassa
550 3727 679 3810 soporis
693 3727 829 3808 nebula,
845 3727 1045 3810 cunctisque
1070 3728 1144 3797 eius
1165 3728 1327 3798 membris
1349 3751 1422 3812 per·

421 3846 591 3927 funditur,
617 3845 711 3914 etin
736 3843 809 3926 ipso
833 3843 988 3926 vestigio,
1012 3845 1156 3927 ipsaque
1181 3845 1312 3914 semitae
1325 3847 1424 3916 colia·

525 4095 582 4148 161.
599 4094 641 4147 Ad
654 4109 770 4156 omnem,
790 4125 825 4136 -
843 4095 985 4161 Cocytum,
1004 4094 1178 4149 -debitum
1198 4095 1320 4158 naulum,
1340 4103 1427 4162 porto·

424 4197 503 4233 rrum.
