3554 5156
745 979 827 1036 mss
848 979 985 1036 ornans
1297 963 1362 1036 117

444 1147 688 1233 Progradiente
702 1148 757 1220 die
771 1148 863 1220 Elisa
876 1147 912 1220 in
927 1169 1006 1220 aero
1021 1153 1102 1220 ante
1117 1169 1154 1219 se
1168 1153 1362 1232 prospecta·

354 1265 420 1338 bat
433 1273 562 1336 terram
577 1265 752 1338 montibus
765 1265 973 1337 intermixtis
980 1265 1180 1350 glacialibus
1193 1285 1360 1350 asperam,

354 1405 506 1470 unorum
521 1385 557 1456 in
570 1384 693 1468 modio,
708 1385 780 1456 loco
794 1383 938 1468 editiori,
959 1405 1039 1455 cum
1063 1383 1131 1455 leni
1155 1383 1360 1465 declivitate,

354 1502 618 1588 conspicabatur
651 1503 840 1585 castellum,
876 1502 912 1572 in
947 1502 1198 1587 longitudinem
1227 1502 1361 1574 circiter

357 1621 461 1692 onius
485 1620 641 1704 milliarii,
666 1642 745 1692 oum
769 1620 966 1704 porticibus,
990 1643 1061 1692 una
1086 1642 1191 1704 supra
1205 1621 1360 1704 alteram,

356 1739 525 1822 palmetis,
540 1738 605 1809 sub
618 1738 744 1823 ouibus
755 1739 867 1821 flores,
880 1746 1029 1822 aspectu,
1039 1738 1170 1821 formis,
1181 1759 1221 1810 ac
1230 1737 1361 1822 magni·

356 1855 478 1928 tudine
502 1855 579 1926 miri
602 1855 777 1940 vigebant,
804 1877 951 1940 quorum
974 1856 1129 1927 nonnulli
1150 1863 1243 1927 rotas
1257 1856 1361 1926 mola-

359 1995 437 2044 rum
451 1973 689 2058 magnitudine
704 1995 842 2056 aquare
856 1973 1072 2045 videbantur.
1092 1973 1169 2057 Ipsa
1183 1972 1361 2056 ouaerebat

354 2091 403 2163 ab
417 2090 584 2174 Oloribus,
599 2098 718 2162 utrum
740 2091 814 2162 haec
838 2098 928 2162 osset
952 2091 1046 2176 regio
1071 2113 1176 2174 quam
1201 2090 1360 2161 advolare

356 2215 575 2291 conarentur,
599 2209 658 2279 sed
684 2208 802 2279 Olores
827 2208 1034 2292 abnuebant,
1059 2209 1221 2294 quoniam
1242 2209 1360 2280 castel·

358 2328 431 2399 lum
446 2327 537 2410 quod
552 2326 697 2410 vidant,
710 2326 876 2410 palatium
890 2333 965 2397 erat
991 2326 1056 2398 diae
1080 2329 1268 2410 Morgana,
1290 2326 1360 2409 quo

355 2465 459 2516 nemo
474 2444 670 2516 mortalium
684 2465 857 2514 accessum
871 2443 1031 2526 haberet;
1052 2451 1157 2528 atquc
1172 2444 1256 2514 dum
1270 2443 1361 2514 Elisa

355 2562 475 2634 oculos
503 2583 613 2644 usque
638 2583 679 2631 co
703 2559 833 2631 defixos
853 2560 1013 2644 habebat,
1037 2570 1181 2646 montes,
1206 2561 1355 2644 arbores,
1469 2655 1473 2664 Ι

354 2679 545 2761 castellum,
561 2685 685 2748 cuncta
698 2677 812 2748 subito
827 2685 1054 2762 evanuerunt,
1066 2685 1102 2749 et
1111 2677 1147 2748 in
1158 2700 1277 2750 eorum
1288 2679 1360 2750 loco

354 2795 516 2867 duodena
529 2794 657 2879 templa
671 2793 768 2865 celsis
781 2817 861 2865 cum
886 2794 1041 2866 turribus
1066 2796 1288 2867 cacuminatis
1307 2797 1359 2866 fe-

357 2913 484 2985 nestris
497 2913 645 2983 stabant.
667 2912 745 2996 Ipsa
760 2912 822 2984 sibi
836 2935 978 2984 canoros
992 2913 1113 2997 organi
1128 2934 1228 2985 sonos
1240 2912 1359 2985 audire

354 3031 521 3116 fingebat,
535 3031 570 3102 id
585 3037 702 3101 tamur
717 3053 874 3102 murmur
886 3031 999 3115 pelagi
1017 3038 1102 3102 erat
1124 3031 1266 3102 Interim
1287 3032 1361 3116 ipsa

357 3148 495 3233 templis
508 3148 562 3219 his
575 3148 714 3232 propius
736 3149 881 3219 advecta
905 3155 990 3231 erat,
1015 3149 1085 3231 sed,
1111 3148 1219 3219 eheu!
1239 3147 1360 3220 eadem

355 3265 392 3336 in
407 3267 550 3337 classem
565 3287 769 3349 magnarum
784 3265 926 3336 navium
941 3266 1034 3336 inira
1057 3287 1095 3336 ae
1120 3265 1361 3350 praeterlaben-

353 3383 446 3454 tium
461 3388 597 3453 mutata
610 3389 719 3452 erant.
741 3382 871 3454 Iterum
892 3382 1069 3468 despectat
1082 3390 1118 3454 ot
1131 3382 1228 3454 videt
1251 3381 1286 3452 id
1310 3389 1361 3454 to·

354 3507 434 3572 tum
448 3499 610 3571 nebulam
624 3500 710 3570 mari
724 3500 981 3572 incumbentem
1002 3522 1043 3572 ac
1067 3499 1359 3584 praeterfluentem

353 3639 441 3688 ease.
463 3617 609 3687 AEterna
623 3637 739 3688 rerum
755 3617 900 3688 mutatio
913 3640 953 3688 ac
967 3619 1117 3689 varietas
1138 3617 1255 3702 itaquo
1278 3624 1360 3689 ante

354 3733 474 3806 oculos
487 3755 567 3804 suos
581 3733 750 3817 fluitabat,
765 3741 801 3805 et
816 3742 942 3818 tamen,
968 3743 1150 3820 postremo,
1176 3743 1269 3806 terra
1290 3757 1360 3820 quo

353 3871 498 3924 cursum
513 3872 614 3922 suum
629 3851 833 3935 dirigebant,
848 3852 885 3922 in
899 3859 1119 3937 conspectum
1144 3852 1249 3922 venit.
1279 3851 1360 3937 Spe·

353 3968 437 4040 ciosi
459 3973 594 4038 montes
619 3966 724 4051 lividi,
743 3968 903 4039 arboreta
926 3969 1074 4052 cedrina,
1099 3969 1224 4053 oppida
1248 3975 1284 4039 et
1307 3991 1362 4040 ca-

352 4085 455 4157 stella
465 4085 591 4156 sensim
601 4085 665 4156 sub
675 4086 791 4156 oculos
802 4086 923 4158 cadere
938 4095 1127 4170 coeperont.
1142 4086 1243 4170 Elisa,
1257 4087 1360 4171 longe

355 4208 440 4272 ante
454 4223 611 4272 occasum
625 4203 704 4273 solis
718 4210 798 4274 ante
824 4203 1017 4287 ingressum
1041 4205 1180 4288 spatiosi
1203 4203 1304 4288 antri,
1325 4203 1361 4276 in
