3540 5156
679 1022 787 1076 anon
807 1021 854 1074 ar
874 1019 1014 1075 Psrcuu
1283 998 1348 1070 213

344 1187 393 1271 lis,
419 1187 463 1257 ob
490 1210 648 1258 excessus
663 1195 871 1272 cunctaeque
886 1186 1096 1271 corruptelas
1120 1185 1346 1265 infamatum

343 1305 492 1376 tollenda
506 1313 560 1377 est
573 1307 683 1377 omnis
706 1306 845 1390 occasio,
860 1314 896 1376 et
909 1304 1047 1375 luxuria
1070 1304 1210 1388 puerilis
1233 1302 1348 1386 nupti·

343 1423 451 1494 alibus
476 1423 641 1507 pedicis¹⁰⁷
665 1424 845 1508 alliganda.
867 1423 1021 1494 Puellam
1046 1422 1159 1506 elegit,
1184 1443 1260 1492 enm
1283 1418 1347 1490 sibi

342 1539 493 1624 iugavit:
516 1547 644 1623 teneat,
659 1541 840 1624 possideat,
866 1541 1044 1624 amplexus
1068 1539 1235 1622 Psychem
1261 1559 1347 1607 sem·

343 1678 405 1741 per
419 1659 490 1728 suis
504 1657 679 1729 amoribus
702 1658 936 1743 perfruaturJ'
957 1658 1002 1728 Et
1023 1657 1067 1728 ad
1089 1655 1260 1726 Venerem
1283 1654 1348 1724 col·

343 1773 413 1843 lata
427 1775 525 1858 facie,
542 1773 616 1845 “Ne
631 1776 704 1858 tu,'’
726 1775 847 1858 inquit,
872 1774 986 1859 “Filia,
1011 1774 1198 1858 quidquam
1224 1771 1349 1842 contri·

343 1894 452 1961 stete:
473 1913 537 1962 nec
551 1891 718 1976 prosapiae
733 1899 840 1962 tantae
861 1899 941 1974 tuae,
965 1891 1142 1974 statuique
1164 1889 1207 1959 de
1231 1888 1347 1958 matri·

344 2009 458 2078 monio
472 2009 607 2079 mortali
621 2015 767 2080 metuas.
782 2011 854 2080 lam
869 2011 989 2079 laxo¹⁶⁸
1004 2008 1144 2092 nuptias
1158 2029 1227 2077 non
1241 2006 1348 2089 impa-

344 2146 409 2208 res,
425 2126 485 2196 sed
500 2125 680 2209 legitimas,
696 2133 731 2196 et
746 2126 825 2196 Iure
840 2126 939 2197 Civili
953 2125 1153 2208 congruas.”

427 2243 473 2313 Et
494 2243 582 2313 illico
606 2264 668 2327 per
691 2243 900 2314 Mercurium
925 2243 1028 2327 arripi
1051 2241 1229 2326 Psychem,
1254 2247 1291 2311 et
1310 2238 1347 2311 in

342 2361 467 2430 coelum
481 2360 622 2443 perduci
637 2360 742 2431 iubet.
755 2361 916 2431 Porrecto
926 2361 1107 2430 ambrosiae
1117 2358 1248 2444 poculo,
1263 2355 1348 2428 “Su-

342 2477 428 2560 me'’
443 2477 565 2561 inquit,
580 2475 743 2560 “Psyche,
764 2476 965 2546 immortalis
990 2483 1081 2546 esto:
1103 2497 1166 2546 nec
1190 2495 1345 2558 unquam

341 2592 553 2678 digredietur
567 2615 589 2664 a
603 2607 666 2663 tuo
679 2615 772 2663 nexu
788 2592 928 2676 Cupido,
942 2593 1002 2664 sed
1027 2593 1103 2664 istae
1124 2592 1222 2663 vobis
1242 2598 1345 2662 erunt

341 2717 519 2794 perpetuae
532 2711 695 2794 nuptiae.”

424 2827 498 2898 Nec
510 2849 625 2910 mora;
648 2849 756 2912 quum
779 2849 877 2898 coena
898 2827 1062 2913 nuptialis
1083 2827 1228 2898 affluens
1252 2825 1343 2896 exhi·

340 2943 451 3015 betur.
460 2944 694 3016 Accumbebut
701 2965 874 3016 summum
884 2953 998 3016 torum
1010 2944 1165 3027 maritus,
1176 2944 1344 3028 Psychem

340 3062 470 3145 gremio
485 3083 547 3132 suo
562 3063 768 3146 complexus,
790 3061 887 3132 sicet
902 3083 982 3132 cum
1005 3083 1068 3132 sua
1092 3061 1224 3132 Iunone
1249 3059 1342 3144 lupi·

339 3184 403 3260 ter,
418 3199 458 3248 ac
471 3177 605 3261 deinde,
631 3199 693 3261 per
708 3177 862 3249 ordinem
886 3177 951 3249 toti
973 3177 1037 3248 Dii.
1058 3178 1156 3250 Tunc
1180 3178 1342 3262 poculum

338 3295 496 3378 nectaris,
527 3295 600 3365 lovi
631 3295 769 3378 quidem
798 3315 883 3366 suus
907 3293 1084 3379 pocillator
1112 3294 1166 3365 ille
1193 3293 1343 3365 rusticus

338 3415 484 3496 puer‚¹⁶⁹
499 3411 633 3482 caeteris
647 3433 730 3482 vero
745 3411 910 3482 Liber.¹⁷⁰
931 3412 1107 3482 Vulcanus
1129 3431 1264 3482 coenam
1288 3431 1344 3480 co·

338 3528 466 3612 quebat
476 3549 485 3610 ;
509 3527 612 3599 Horae
637 3529 721 3598 rosis
736 3536 772 3598 et
786 3529 921 3599 caeteris
940 3527 1081 3599 floribus
1103 3527 1342 3612 purpurabant

340 3644 471 3726 omnia;
493 3643 623 3715 Gratiae
638 3644 847 3728 spargebant
861 3645 1028 3727 balsama;
1050 3645 1160 3716 Murae
1184 3665 1267 3715 voce
1288 3665 1342 3716 ca·

339 3781 426 3830 nora
440 3761 682 3844 personabant.
699 3761 820 3845 Apollo
843 3761 997 3832 cantavit
1011 3761 1055 3832 ad
1070 3761 1254 3845 citharam
1277 3761 1343 3833 Ve-

438 3991 496 4046 167.
513 3989 633 4056 Pedion,
650 4007 696 4057 -ae,
712 3994 854 4048 vinculum
864 3994 972 4060 pedum

442 4077 500 4130 168„
518 4077 626 4140 Pacoro,
639 4077 749 4132 sociam.

439 4161 498 4214 169.
515 4159 694 4227 Ganymedeo,
707 4159 853 4228 Pbrygiae

439 4243 497 4298 170.
513 4243 594 4298 biber
606 4243 695 4306 Peter,
706 4243 837 4298 Bacchae
