3554 5156
701 981 787 1036 ruri
808 980 951 1036 onoane
1252 968 1316 1038 111

401 1149 585 1224 Occidente
598 1149 667 1221 sole
681 1147 773 1219 Elisa
785 1147 1028 1219 animadvertit
1042 1147 1199 1219 undecim
1214 1149 1320 1221 Feros

318 1269 436 1340 Olores
449 1288 529 1338 cum
549 1265 663 1338 aureis
684 1264 934 1336 diadematibus
947 1265 984 1336 in
998 1265 1174 1350 capitibus,
1197 1266 1318 1338 adver·

317 1409 394 1460 sum
407 1385 507 1456 littus
520 1384 687 1454 volantes
701 1383 799 1454 Alter
812 1403 901 1466 pone
921 1383 1069 1454 alterum
1083 1383 1231 1468 volabat,
1246 1405 1320 1469 spe·

317 1505 470 1588 ciemque
495 1501 594 1572 vittae
618 1501 654 1572 in
676 1501 819 1584 longum
848 1521 965 1584 pansae
990 1521 1063 1584 prae
1087 1520 1124 1571 se
1148 1501 1318 1574 ferebant

317 1623 408 1694 Elisa
420 1620 585 1692 verticem
599 1615 775 1703 praecipitii
789 1617 995 1700 conscendit,
1010 1616 1125 1702 ibique
1148 1639 1236 1702 pone
1257 1619 1320 1691 du-

317 1761 415 1810 mum
439 1759 476 1809 se
498 1735 662 1817 occuluit;
684 1735 802 1806 Olores
824 1755 930 1818 prope
955 1755 1032 1806 eam
1057 1733 1319 1820 descenderunt,

317 1859 437 1940 longas
450 1855 522 1925 alas
535 1874 616 1924 suas
636 1852 821 1923 vibrantes

401 1971 478 2044 Sole
491 1969 557 2041 sub
570 1991 679 2054 aquas
692 1974 881 2052 mergente,
907 1968 1025 2039 Olores
1039 1989 1177 2053 quoque
1191 1993 1320 2043 eranu-

318 2095 430 2172 erunt,
452 2107 638 2170 eorumque
666 2085 702 2157 in
726 2086 799 2156 loco
823 2084 982 2156 undecim
1003 2085 1063 2156 filii
1078 2086 1174 2170 regii,
1194 2088 1322 2160 trabes

319 2208 430 2290 Elisre,
444 2209 722 2288 comparuerunt.
738 2202 830 2273 Elisa
844 2203 969 2272 acriter
983 2203 1204 2289 exclamabat,
1225 2205 1324 2276 nimi-

321 2345 408 2407 rum,
433 2323 513 2394 licet
536 2321 600 2406 ipsi
625 2321 661 2392 in
686 2319 800 2404 figura
824 2340 991 2403 perquam
1012 2329 1125 2392 essent
1138 2323 1323 2407 immutati,

318 2443 394 2528 ipsa
407 2461 470 2525 pro
484 2445 578 2510 certo
592 2437 764 2508 sentiebat
778 2457 837 2507 eos
850 2457 924 2506 esse
939 2472 980 2484 -
994 2459 1136 2523 esseque
1146 2438 1270 2510 debere
1283 2475 1323 2488 -

319 2581 401 2632 suos
413 2559 551 2628 fratres
568 2555 690 2638 Itaque
712 2553 895 2626 confestim
908 2553 945 2624 in
959 2577 1079 2626 eorum
1095 2555 1233 2626 brachia
1245 2577 1324 2628 con-

319 2673 460 2758 volavit,
475 2693 648 2758 quemque
662 2693 725 2742 suo
739 2671 878 2743 nomine
892 2672 1076 2755 appellans.
1092 2673 1177 2754 Quis
1189 2695 1324 2746 enarra·

319 2793 411 2865 verit
424 2791 578 2862 omnium
591 2789 803 2872 felicitatem,
818 2810 927 2872 quum
949 2789 1079 2860 fratres
1100 2790 1267 2862 vidissent
1287 2799 1325 2864 et

320 2907 543 2995 agnovissent
556 2927 655 2978 suam
670 2927 830 2989 sororem,
846 2927 926 2990 quae
946 2904 1016 2977 iam
1039 2909 1089 2977 ita
1110 2909 1324 2994 accrevisset,

322 3035 462 3110 tamque
488 3023 631 3110 pulchra
653 3022 835 3094 evasisset!
857 3023 979 3094 Cuncti
1005 3045 1126 3095 eorum
1151 3025 1219 3096 iam
1245 3027 1325 3097 rise-

320 3150 415 3227 runt,
428 3143 497 3213 iam
511 3141 693 3223 fleverunt,
709 3161 819 3225 quum
833 3139 970 3211 interim
984 3140 1128 3224 impium
1142 3143 1254 3214 scelus
1266 3165 1326 3214 no·

320 3281 434 3334 verere
447 3279 521 3330 suae
534 3265 654 3328 contra
667 3279 704 3328 se
720 3257 954 3329 recoluissent.

404 3375 528 3460 “Nos'’
543 3376 612 3446 fari
626 3375 730 3458 coepit
750 3375 900 3445 fratrum
924 3375 1171 3460 adultissimus,
1194 3376 1326 3462 “usque

321 3517 363 3567 eo
376 3493 543 3575 volamus,
555 3499 617 3562 aut
631 3512 764 3574 namus,
779 3490 863 3562 dum
877 3493 926 3562 sol
941 3513 977 3562 se
992 3513 1097 3576 supra
1112 3493 1326 3566 horizontem

322 3611 485 3694 continet,
500 3630 609 3694 quum
623 3629 706 3679 vero
722 3608 892 3692 occubuit,
913 3609 1101 3680 humanam
1116 3611 1264 3682 formam
1277 3613 1329 3682 in·

324 3729 472 3800 duimus
494 3727 583 3797 Hinc
596 3747 735 3796 necesse
750 3733 803 3796 est
825 3731 867 3797 ut
889 3749 1050 3797 securum
1078 3727 1260 3810 quemdam
1283 3731 1330 3800 lo·

324 3867 404 3918 cum
417 3843 611 3929 quiescendi
627 3841 882 3926 prospiciamus,
898 3865 997 3914 secus
1011 3841 1114 3927 enim,
1130 3842 1159 3914 si
1174 3850 1328 3929 tempore

325 3963 465 4034 oocasds
477 3959 513 4029 in
528 3959 665 4030 sublimi
688 3979 916 4043 versaremur,
938 3960 1039 4030 simul
1054 3981 1094 4030 ac
1107 3961 1256 4030 fonnem
1270 3983 1331 4033 no-

326 4086 434 4151 stram
457 4076 695 4160 reciperemus,
720 4076 912 4160 praecipites
941 4076 1150 4147 caderemus.
1173 4077 1253 4148 Non
1274 4079 1330 4150 hic

328 4195 391 4268 loci
405 4193 619 4276 habitamus;
641 4214 740 4276 aeque
753 4193 897 4277 pulchra
911 4194 1006 4278 regio
1020 4201 1126 4278 atque
1151 4195 1228 4266 haec
1242 4195 1331 4269 iacet
