3540 5156
438 947 501 1014 212
774 961 878 1014 amon
900 961 944 1012 rr
965 961 1101 1014 csrcrm

519 1127 635 1199 “Licet
649 1129 722 1211 tu‚'’
737 1129 859 1212 inquit,
875 1127 1039 1199 “Domine
1060 1129 1134 1212 Fili,
1158 1151 1338 1212 nunquam
1352 1128 1437 1198 mihi

435 1267 596 1316 concessu
622 1246 732 1315 Dedm
757 1245 933 1316 decretum
963 1231 1148 1316 servaris¹⁶⁵
1176 1247 1351 1328 honorem,
1377 1246 1437 1314 sed

434 1361 527 1432 istud
541 1371 661 1446 pectus
674 1385 800 1446 meum,
815 1385 883 1446 quo
899 1365 992 1447 leges
1017 1365 1265 1434 elementorum
1288 1371 1325 1433 et
1345 1363 1438 1432 vices

433 1477 585 1548 siderum
600 1479 838 1562 disponuntur,
853 1481 1110 1550 convulneraris
1133 1481 1278 1550 assiduis
1302 1481 1436 1562 ictibus,

433 1596 629 1678 crebrisque
643 1603 791 1666 terrenae
806 1596 985 1666 dementiae
1000 1597 1186 1667 foedaveris
1200 1597 1344 1679 casibus
1360 1617 1437 1666 con-

434 1718 557 1795 traque
572 1713 676 1796 leges,
688 1720 724 1782 ct
733 1714 842 1796 ipsam
854 1714 1025 1797 Iuliam,¹⁰⁸
1039 1714 1318 1798 disciplinamque
1329 1712 1438 1796 publi·

434 1851 509 1898 cam
524 1830 718 1900 excessibus
732 1831 1015 1902 existimationem
1036 1831 1235 1914 famamque
1249 1853 1361 1900 meam
1382 1829 1439 1900 lae·

433 1946 516 2016 seris
524 1969 532 2029 ;
554 1947 589 2016 in
616 1956 800 2031 serpentes,
814 1949 850 2017 in
864 1947 971 2032 ignes,
985 1948 1020 2018 in
1035 1949 1177 2018 ferasin
1192 1971 1274 2019 aves
1302 1956 1339 2019 et
1363 1969 1438 2031 gre-

434 2062 524 2146 galia
537 2087 645 2147 pecua
659 2087 796 2135 serenos
809 2066 928 2134 vultus
942 2087 1037 2135 meos
1051 2065 1185 2135 sordide
1201 2064 1437 2146 reformand03

434 2187 588 2250 attamen
603 2183 779 2252 modestiae
793 2204 880 2251 meae
896 2205 1037 2265 memor,
1060 2182 1220 2265 quodque
1245 2183 1334 2253 inter
1354 2183 1439 2252 istas

434 2319 529 2367 meas
542 2320 665 2369 manus
678 2299 836 2382 creveris,
860 2307 983 2369 cuncta
1005 2299 1189 2383 perficiam,
1216 2300 1299 2370 dum
1320 2308 1436 2371 tamen

433 2415 520 2484 scias
545 2417 686 2487 aemulos
710 2423 791 2486 tuos
816 2437 956 2498 cavere;
978 2438 1027 2498 ac,
1054 2416 1151 2499 siqua
1180 2438 1273 2487 nunc
1286 2417 1321 2486 in
1336 2417 1438 2488 terris

433 2534 546 2612 puella
559 2532 736 2616 praepollet
750 2533 1013 2616 pulchritudine,
1029 2533 1206 2616 praesentis
1220 2533 1373 2604 beneficii
1388 2535 1438 2603 vi·

432 2669 507 2717 cem
522 2671 583 2732 per
598 2670 674 2718 eam
689 2650 772 2718 mihi
787 2671 968 2733 repensare
983 2658 1018 2720 te
1033 2651 1193 2721 debere.’'

516 2765 571 2836 Sic
583 2767 688 2850 fatus,
705 2767 800 2837 iubet
824 2769 1035 2838 Mercurium
1049 2767 1139 2837 Deos
1153 2789 1271 2837 omnes
1293 2768 1338 2838 ad
1358 2789 1436 2838 con-

431 2881 564 2952 cionem
578 2905 765 2954 convocare
778 2885 945 2967 protinus,
961 2907 1010 2966 ac,
1026 2884 1116 2968 siqui
1130 2890 1222 2954 coetu
1246 2885 1436 2955 coelestium

433 2999 609 3082 defuisset,
623 3001 658 3069 in
673 3022 810 3083 poenam
825 3000 941 3070 decem
956 3001 1100 3070 millium
1122 3021 1342 3070 nummorum
1356 3022 1435 3071 con·

432 3125 577 3186 ventum
590 3117 632 3186 iri
646 3119 877 3200 pronuntiare.
908 3120 985 3199 Quo
1009 3125 1105 3188 metu
1129 3117 1246 3188 statim
1268 3118 1436 3202 completo

432 3234 562 3304 coelesti
592 3235 738 3317 theatro,
768 3256 830 3318 pro
858 3234 938 3304 sede
967 3233 1103 3304 sublimi
1129 3234 1251 3304 sedens
1273 3256 1436 3318 procerus

434 3350 575 3434 Iupiter,
591 3353 638 3422 sic
652 3351 828 3422 enuntiat:
1226 3427 1230 3434 ,

517 3467 592 3538 “Ι)ἰί
605 3469 796 3552 conscripti,
811 3469 1060 3539 adolescentem
1073 3469 1188 3552 istum,
1213 3469 1304 3552 quod
1328 3470 1437 3538 mani·

433 3587 499 3656 bus
510 3585 586 3657 istis
600 3587 797 3657 alumnatus
812 3585 866 3668 sit,
882 3586 1039 3670 proiecto
1052 3587 1145 3656 scitis
1177 3607 1314 3668 omnes;
1336 3588 1435 3659 cuius

431 3703 552 3787 primae
565 3703 757 3773 iuventutis
782 3704 949 3773 caloratos
973 3703 1123 3786 impetus
1148 3702 1259 3773 iraeno
1284 3703 1433 3786 quodam

427 3820 632 3890 coercendos
646 3820 847 3891 existimavi.
869 3819 930 3891 sat
944 3828 998 3890 est
1011 3819 1218 3903 quotidianis
1238 3841 1318 3891 eum
1332 3819 1433 3891 fabu-

533 4021 591 4074 165.
608 4021 779 4084 Servaverls;
797 4021 965 4074 abbreviatio
978 4020 1080 4074 crebre.

533 4105 590 4158 166.
606 4103 662 4156 Lex
674 4104 744 4157 lulis
756 4104 790 4157 de
802 4103 916 4158 civitate
926 4103 1076 4158 Foederatis
1088 4108 1171 4172 atque
1183 4103 1292 4158 Latlnis
1304 4105 1431 4160 donanda

430 4187 490 4255 agit
503 4187 571 4248 (Cic.
584 4187 613 4240 in
625 4187 700 4241 Balb.
711 4185 749 4254 8).
