3554 5156
773 983 959 1038 csnnsonn
1302 962 1365 1035 137

368 1149 427 1221 ubi
441 1151 547 1222 telam
559 1152 615 1222 vel
628 1152 845 1236 aliquatenus
858 1152 1018 1223 subtilem
1032 1172 1071 1221 ac
1085 1149 1210 1222 bonam
1223 1149 1366 1244 videret

367 1267 441 1338 lam
454 1269 590 1341 animus
603 1269 634 1340 ei
648 1270 870 1354 languescere
884 1271 997 1354 coepit,
1019 1275 1124 1353 atque
1139 1267 1282 1352 singulis
1294 1265 1368 1336 mil·

366 1385 470 1457 liariis
484 1387 639 1471 emensis,
653 1389 758 1459 etiam
773 1389 883 1472 magis
897 1388 1174 1460 contristabatur.

449 1555 604 1627 Tandem
625 1557 670 1628 ad
691 1564 831 1641 pontem
855 1557 1050 1641 quemdam,
1072 1578 1133 1642 per
1153 1577 1290 1626 amnem
1305 1553 1366 1624 du·

366 1679 511 1756 centem,
525 1675 692 1759 pervenit,
706 1673 766 1744 ubi
790 1675 834 1746 ad
856 1675 1056 1758 capiendam
1076 1674 1238 1758 quietem,
1259 1678 1366 1755 atque

367 1791 411 1862 ad
440 1791 675 1863 meditandum
700 1792 742 1863 de
767 1793 912 1863 adversa
936 1814 1000 1863 sua
1023 1793 1175 1873 fortuna,
1204 1790 1366 1872 consedit,

367 1928 477 1992 quum
490 1909 586 1979 foeda
600 1909 759 1993 quaedam
785 1931 870 1980 rana
883 1917 987 1994 eaput
1002 1931 1045 1979 ex
1058 1930 1149 1993 aqua
1171 1907 1305 1990 extulit,
1327 1929 1367 1977 ac

367 2047 451 2096 voce
465 2047 682 2110 nequaquam
702 2047 823 2111 aspera
843 2026 1090 2110 interrogabat,
1106 2025 1188 2109 quid
1203 2025 1251 2094 rei
1267 2031 1366 2094 esset.

367 2143 496 2226 Regius
509 2143 645 2215 iuvenis
658 2143 826 2214 submissa
840 2165 924 2214 voce
939 2143 1004 2214 ait:
1018 2141 1152 2214 “Stulta
1166 2143 1366 2224 ranuncula,

365 2266 405 2330 tu
421 2259 504 2330 mihi
518 2259 678 2344 prodesse
692 2261 843 2344 nequis.’'

451 2409 637 2497 “Quisnam
650 2419 686 2483 te
710 2413 759 2482 ita
782 2412 940 2484 docuit?''
963 2413 1087 2496 quaerit
1108 2433 1211 2494 rana;
1233 2409 1366 2481 “fatere

364 2528 505 2599 tandem
519 2529 601 2613 quid
616 2535 652 2599 te
665 2529 802 2613 angac”

450 2681 531 2751 Post
544 2681 693 2764 aliquam
706 2701 838 2750 moram
865 2681 981 2765 regius
1006 2680 1140 2752 iuvenis
1163 2685 1272 2751 totam
1293 2700 1366 2750 rem

366 2798 510 2881 aperuit,
523 2798 704 2880 fassusque
718 2805 772 2868 est
785 2819 847 2868 cur
866 2805 966 2882 pater
987 2819 1068 2868 eum
1092 2818 1236 2882 peregre
1260 2797 1367 2867 misis-

365 2922 427 2986 set.
450 2913 544 3000 ‘ugo
559 2915 621 2985 tibi
634 2915 861 2999 succurram,’'
877 2915 1051 2999 respondit
1065 2937 1159 2986 rana.
1192 2915 1256 2984 His
1268 2915 1366 2984 dictis

367 3055 451 3103 rana
465 3054 502 3103 se
516 3033 552 3102 in
567 3053 693 3116 aquam
707 3033 836 3115 mersit,
857 3031 917 3102 sed
937 3052 1018 3102 mox
1039 3053 1188 3113 reversa,
1212 3032 1366 3101 frustum

365 3152 454 3232 telae,
469 3150 581 3234 palmo
604 3149 755 3220 humano
778 3149 837 3218 vix
859 3149 979 3232 maius,
997 3170 1060 3219 nec
1073 3149 1367 3220 mundifiaadmo

367 3268 451 3339 dum
474 3267 598 3350 nitens,
619 3274 662 3337 ut
683 3266 835 3350 parebat,
858 3287 974 3336 secum
995 3265 1100 3336 vexit.
1123 3265 1295 3349 Quidquid
1317 3272 1367 3335 ta-

366 3407 446 3454 men
459 3383 577 3467 iuerit,
592 3383 721 3467 aliquid
735 3391 827 3452 certe
852 3383 932 3466 ruit,
956 3390 1060 3466 atque
1083 3382 1200 3466 regius
1220 3381 1365 3466 iuvenis,

366 3502 414 3572 sic
427 3522 511 3571 rana
525 3508 695 3583 monente,
710 3500 744 3570 id
760 3500 908 3570 sustulit.
924 3501 1101 3571 Pannulus
1112 3501 1178 3570 iste
1193 3500 1367 3584 squalidus

366 3619 428 3690 sibi
442 3626 534 3689 certe
549 3618 734 3688 admodum
749 3625 870 3700 gratus
883 3640 952 3687 non
966 3618 1054 3700 fuit3
1070 3625 1222 3688 attamen
1237 3617 1366 3701 aliquid

365 3757 554 3807 esermone
569 3757 663 3805 ranae
687 3733 904 3818 percipiebat,
929 3735 1021 3818 quod
1043 3735 1108 3806 sibi
1129 3735 1253 3818 arrisit,
1274 3735 1366 3806 unde

363 3855 411 3924 sic
423 3875 537 3924 secum
552 3853 735 3937 arguebat:
758 3851 814 3923 “Si
827 3874 897 3922 non
912 3851 1072 3936 proderit,
1088 3853 1209 3922 saltem
1223 3875 1292 3923 non
1308 3853 1363 3923 ob·

364 3971 460 4054 erit,”
475 3971 593 4054 itaque
608 3971 748 4040 sustulit
762 3971 865 4041 telam
890 3977 927 4040 et
950 3969 986 4040 in
1006 3969 1180 4040 sacculum
1204 3970 1366 4049 condidit,

365 4095 471 4172 atque
485 4087 598 4172 gratia
614 4087 747 4158 reddita
761 4108 865 4171 ranae,
880 4108 960 4172 quae
974 4109 1011 4158 se
1025 4087 1150 4158 iterum
1174 4088 1301 4172 mersit,
1323 4110 1367 4160 ex

363 4205 478 4276 labore
492 4212 569 4275 acto
583 4225 652 4274 non
667 4225 790 4288 parum
804 4205 892 4276 lassa
905 4212 941 4275 et
954 4205 1086 4288 anhela,
1100 4203 1236 4275 iuvenis
1246 4205 1367 4276 disces·
