3540 5156
676 966 780 1020 amon
801 967 847 1020 ss
868 967 1005 1020 Psicna
1281 952 1339 1022 161

340 1155 400 1204 ora
414 1133 498 1204 mihi
513 1133 710 1204 veneranda
724 1133 881 1204 foedatis?
896 1135 986 1218 Quid
1000 1135 1156 1206 laceratis
1170 1135 1205 1205 in
1220 1136 1345 1206 vestris

340 1251 448 1322 oculis
473 1273 550 1322 mea
577 1252 729 1322 lumina?
751 1251 842 1332 Quid
866 1251 1024 1322 canitiem
1054 1252 1228 1324 scinditis?
1253 1253 1344 1334 Quid

341 1374 480 1451 pectora
494 1375 613 1438 sancta
626 1367 787 1440 tunditis?
798 1369 863 1438 Hic
873 1376 976 1438 erunt
987 1369 1085 1440 vobis
1093 1369 1243 1453 egregia
1257 1392 1344 1441 meae

337 1485 563 1556 formositatis
576 1487 739 1569 praeclara
752 1485 902 1569 praemia.
919 1485 1062 1556 Invidiae
1072 1487 1216 1557 neiaiiae
1226 1486 1343 1557 lethali

343 1602 446 1686 plaga
461 1602 624 1686 percussi,
640 1625 716 1673 sero
736 1603 881 1673 sentitis.
903 1602 1019 1687 Quum
1040 1612 1163 1686 gentes
1176 1612 1212 1674 et
1226 1605 1345 1688 populi

341 1720 553 1790 celebrarent
568 1741 631 1790 nos
645 1719 770 1791 divinis
784 1720 987 1804 honoribus;
1010 1743 1118 1804 quum
1140 1744 1267 1792 novam
1287 1745 1344 1793 me

342 1837 512 1907 Venerem
543 1859 602 1907 ore
630 1859 779 1907 consono
808 1844 1068 1921 nuncuparent:
1104 1846 1189 1908 tunc
1219 1839 1343 1922 dolere,

340 1959 425 2024 tunc
438 1952 531 2036 flere,
546 1961 629 2022 tunc
644 1975 700 2023 me
714 1953 783 2023 iam
798 1955 895 2036 quasi
919 1963 1133 2038 peremptam
1148 1957 1266 2038 lugere
1288 1956 1344 2025 de·

339 2069 471 2141 buistis.
486 2071 558 2140 lam
573 2071 693 2154 sentio,
707 2070 776 2141 iam
802 2071 912 2154 video,
928 2072 999 2142 solo
1013 2094 1068 2142 me
1080 2073 1218 2142 nomine
1232 2073 1344 2143 Vene-

341 2186 387 2256 ris
405 2187 555 2271 periisse.
571 2187 693 2258 Ducite
719 2211 786 2270 me,
808 2195 853 2272 et,
869 2189 924 2258 cui
939 2209 1013 2259 sors
1038 2189 1178 2272 addixit,
1203 2190 1342 2274 scopulo

340 2303 460 2374 sistite.
482 2304 620 2374 Festino
634 2305 752 2375 felices
765 2305 848 2374 istas
862 2305 1001 2388 nuptias
1014 2306 1123 2387 obire;
1145 2306 1272 2377 festino
1286 2329 1344 2390 ge·

340 2442 501 2492 nerosum
515 2421 611 2491 illum
626 2421 789 2492 maritum
802 2443 919 2492 meum
934 2422 1061 2492 videre.
1084 2423 1174 2504 Quid
1200 2423 1343 2496 differo?

341 2537 432 2620 Quid
454 2538 608 2609 detrecto
631 2538 838 2621 venientem,
853 2539 913 2622 qui
927 2540 1035 2610 totius
1049 2540 1140 2610 orbis
1160 2540 1263 2610 exitio
1284 2563 1344 2612 na·

342 2661 402 2725 tus
415 2655 506 2724 esti’'

424 2769 478 2842 Sic
491 2772 630 2855 profata
643 2772 753 2855 virgo,
768 2773 943 2854 conticuit,
958 2773 1186 2857 ingressuque
1201 2774 1270 2844 iam
1286 2798 1343 2846 va·

340 2889 408 2959 lido
423 2894 583 2973 pompae³⁰
597 2889 712 2973 populi
726 2890 963 2973 prosequentis
976 2913 1050 2961 sese
1064 2892 1209 2962 miscuit.

424 3007 500 3076 ltur
513 3007 557 3076 ad
571 3007 798 3076 constitutum
820 3009 998 3091 scopulum
1014 3008 1140 3079 montis
1155 3010 1264 3092 ardui,
1284 3032 1343 3080 cu·

338 3124 393 3195 ius
407 3125 442 3193 in
457 3145 591 3193 summo
605 3124 782 3194 cacumine
797 3130 963 3194 statutam
986 3127 1135 3209 puellam
1157 3127 1272 3198 cuncti
1286 3127 1344 3198 de·

339 3248 470 3323 serunt,
485 3241 595 3310 taedas
609 3240 790 3323 nuptiales,
807 3241 932 3324 quibus
952 3243 1194 3327 praeluxerant,
1217 3243 1343 3314 ibidem

340 3357 499 3441 lacrymis
524 3356 595 3427 suis
620 3357 789 3428 extinctas
816 3358 1066 3442 relinquentes;
1092 3360 1252 3444 choragio
1280 3361 1344 3431 ita·

344 3496 412 3559 que
427 3475 592 3558 perfecto,
607 3474 815 3558 deiectisque
836 3475 1015 3558 capitibus,
1030 3476 1275 3548 domuitionem
1289 3500 1347 3562 pa-

341 3599 431 3663 rant.

425 3709 471 3779 Et
485 3709 600 3779 miseri
615 3708 753 3791 quidem
768 3715 930 3793 parentes
950 3709 1025 3779 eius
1045 3717 1145 3780 tanta
1166 3711 1260 3782 clade
1289 3713 1348 3783 de·

340 3827 433 3909 fessi,
448 3827 575 3896 clausae
589 3825 712 3896 domds
733 3826 882 3896 abstrusi
905 3827 1066 3911 tenebris,
1088 3834 1264 3912 perpetuae
1283 3851 1345 3900 no-

337 3945 384 4016 cti
398 3965 471 4015 sese
485 3942 655 4013 dedidere.
671 3942 839 4027 Psychem
852 3951 970 4014 autem
985 3951 1171 4028 paventem
1185 3967 1225 4016 ac
1240 3946 1345 4031 trepi-

440 4179 482 4232 ³6.
499 4177 677 4232 Processioni.
