3540 5156
665 986 770 1040 huon
791 987 837 1040 ur
857 989 996 1043 esrcuu
1270 979 1331 1048 193

330 1155 398 1226 filio
411 1154 663 1237 reprehendes?
685 1155 769 1236 Quis
783 1163 902 1224 autem
923 1157 1043 1240 Deum,
1059 1157 1135 1240 quis
1150 1157 1331 1230 hominum

331 1272 491 1357 patietur,
521 1271 648 1355 passim
677 1270 853 1354 cupidines
882 1272 1016 1356 populis
1044 1272 1333 1359 disseminantem,

331 1411 440 1473 quum
451 1395 524 1458 tuae
538 1387 660 1458 domus
672 1409 807 1458 amores
820 1393 936 1460 amare
949 1410 1113 1472 coerceas,
1122 1398 1158 1461 et
1168 1392 1332 1464 vitiorum

330 1504 547 1576 muliebrium
561 1504 734 1589 publicam
749 1505 940 1588 praecludas
953 1505 1123 1576 officinam
1128 1508 1165 1578 ‘l'’

415 1623 468 1694 Sic
495 1623 562 1693 illae
591 1628 688 1691 metu
719 1623 934 1705 sagittarum,
965 1623 1152 1707 patrocinio
1180 1625 1331 1708 gratioso

331 1739 498 1823 Cupidini,
525 1739 683 1822 quamvis
713 1739 856 1822 absenti,
884 1739 1158 1811 blandiebantur.
1180 1741 1246 1812 Sed
1268 1745 1334 1812 Ve-

330 1878 396 1926 nus
424 1855 602 1938 indignata
631 1854 771 1925 ridicule
800 1856 940 1926 tractari
966 1878 1047 1926 suas
1071 1857 1221 1940 iniurias,
1245 1863 1350 1942 prae-'

324 1973 437 2044 versis
452 1974 527 2056 illis,
542 1973 610 2042 alte
624 1993 745 2042 rursus
759 1973 890 2042 concito
904 1973 1025 2056 gradu,
1040 1975 1162 2057 pelago
1177 1975 1270 2044 viam
1280 1997 1333 2046 ca·

330 2091 445 2174 pessit.

411 2208 548 2277 Interea
562 2207 692 2290 Psyche
704 2207 809 2278 variis
822 2207 1014 2277 iactabatur
1028 2208 1245 2292 discursibus,
1260 2209 1332 2280 dies

328 2331 516 2407 noctesque
529 2324 645 2394 mariti
658 2325 942 2408 vestigationibus
955 2325 1118 2408 inquieta,
1133 2326 1247 2396 animo
1257 2333 1332 2396 tan·

327 2451 364 2513 to
377 2440 542 2524 cupidior,
558 2449 603 2524 et,
617 2441 744 2511 iratum
760 2442 847 2524 licet,
872 2442 900 2511 si
925 2463 994 2510 non
1018 2443 1134 2512 uxoris
1159 2443 1330 2513 blanditiis

327 2559 443 2642 lenire,
458 2566 552 2628 certe
575 2559 755 2628 servilibus
775 2557 932 2641 precibus
954 2559 1148 2642 propitiare.
1177 2561 1231 2642 Et,
1252 2582 1329 2643 pro-

326 2683 442 2760 specto
456 2677 584 2759 templo
600 2675 749 2759 quodam
763 2677 799 2745 in
813 2675 910 2745 ardui
925 2677 1051 2746 montis
1064 2677 1212 2746 vertice:
1237 2676 1330 2747 “Un-

326 2792 369 2863 de
393 2793 542 2876 autem,’'
567 2792 689 2875 mouit,
715 2792 813 2876 “scio,
837 2815 881 2862 an
907 2793 982 2863 istic
996 2792 1100 2876 degat
1112 2815 1210 2862 meus
1224 2793 1329 2863 domi·

327 2911 433 2981 nus?”
458 2911 504 2980 Et
527 2910 616 2979 illico
641 2910 758 2993 dirigit
783 2911 928 2980 citatum
943 2911 1099 2992 gradum,
1116 2932 1218 2993 quern
1234 2910 1328 2980 defe-

325 3034 420 3098 ctum
434 3048 575 3110 prorsus
589 3025 734 3096 assiduis
746 3025 920 3096 laboribus
940 3048 1018 3109 spes
1032 3026 1206 3109 incitabat,
1222 3034 1258 3096 et
1270 3049 1330 3097 vo-

323 3152 410 3215 tum.
425 3145 565 3227 Iamque
579 3144 735 3226 graviter
749 3144 895 3214 emensis
909 3143 1107 3213 celsioribus
1131 3143 1232 3227 iugis,
1256 3144 1328 3227 pul·

324 3261 501 3332 vinaribus
524 3283 598 3331 sese
623 3261 813 3344 proximam
838 3260 964 3330 intulit.
995 3260 1097 3330 Videt
1121 3261 1230 3343 spicas
1254 3261 1328 3330 iru-
1447 3310 1451 3316 ·

324 3379 511 3449 mentarias
524 3377 560 3446 in
576 3399 709 3460 acervo,
725 3385 761 3447 et
775 3377 858 3446 alias
879 3377 1043 3448 flexibiles
1066 3377 1102 3447 in
1128 3398 1270 3460 corona;
1290 3385 1328 3447 et

323 3496 434 3579 spicas
448 3494 567 3564 hordei
583 3493 687 3564 videt.
714 3495 823 3563 Erant
843 3500 880 3562 et
894 3495 1001 3564 falces
1015 3500 1051 3563 et
1066 3514 1178 3576 operae
1203 3515 1328 3564 messo

321 3613 383 3683 riae
399 3612 552 3682 mundus
567 3610 687 3693 omnis,
703 3611 762 3680 sed
776 3617 901 3680 cuncta
914 3611 1041 3694 passim
1054 3610 1210 3693 iacentia,
1225 3618 1262 3681 et
1275 3611 1327 3680 in-

321 3731 418 3801 curia
432 3731 588 3810 confusa,
603 3734 649 3810 et,
665 3734 705 3797 ut
730 3728 826 3811 solet,
848 3732 938 3797 aestu
960 3727 1189 3798 laborantium
1215 3729 1323 3798 mani·

321 3849 387 3919 bus
401 3847 561 3931 proiectr.
583 3845 666 3915 llaec
681 3844 817 3928 singula
838 3844 969 3927 Psyche
995 3845 1126 3914 curiose
1142 3844 1273 3926 dividit,
1288 3853 1324 3916 et

320 3963 492 4036 discretim
507 3967 639 4032 remota
652 3961 718 4030 rite
732 3961 914 4044 componit,
936 3968 1011 4030 rata
1035 3960 1170 4043 scilicet,
1195 3963 1326 4034 nullius

320 4081 382 4152 Dei
395 4081 480 4150 fana
493 4086 530 4149 et
542 4077 743 4148 cerimonias
756 4078 930 4161 negligere
945 4099 982 4147 se
997 4076 1131 4161 debere,
1146 4079 1206 4148 sed
1216 4080 1326 4150 omni-

320 4223 382 4271 um
397 4196 598 4268 benevolam
613 4193 876 4265 misericordiam
891 4214 1081 4278 corrogare.
