3554 5156
732 976 832 1043 aqua
852 975 950 1030 vrrln
1299 957 1342 1028 89

341 1139 508 1212 decimam
523 1144 655 1227 pulset,
676 1143 810 1214 sienim
825 1143 971 1214 ulterius
985 1149 1184 1214 moraturus
1198 1139 1253 1224 sis,
1268 1159 1346 1223 por·

342 1264 379 1327 ta
392 1267 472 1330 ante
487 1268 523 1331 te
537 1261 573 1330 in
588 1281 690 1332 omne
704 1283 820 1332 aevum
840 1261 1050 1332 claudetur.'’

427 1377 534 1462 Virga
547 1378 722 1462 postisque
735 1379 893 1464 acceptis,
920 1378 1037 1463 regius
1059 1376 1194 1449 iuvenis
1214 1374 1344 1460 pumilo

341 1495 473 1576 gratias
488 1495 532 1567 ob
547 1496 621 1567 eius
643 1517 844 1568 succursum
865 1496 1106 1568 amicissimum
1128 1493 1285 1576 reddidit,
1302 1513 1343 1562 ac

341 1618 419 1683 tum
433 1613 500 1684 iter
514 1634 617 1685 suum
643 1635 704 1698 per
729 1621 839 1686 terras
863 1614 1038 1698 mariaque
1064 1609 1344 1698 prosequebatur,

342 1731 535 1813 usquedum
550 1731 595 1801 ad
609 1731 795 1802 terminum
810 1732 863 1802 sui
878 1731 1010 1802 itineris
1020 1731 1168 1802 feliciter
1178 1727 1346 1814 pervenit,

344 1848 404 1919 ubi
429 1854 553 1918 cuncta
576 1848 620 1919 ad
642 1849 805 1919 amussim
830 1848 879 1919 ita
903 1849 1040 1934 reperit,
1064 1856 1105 1919 ut
1126 1848 1276 1932 pumilus
1295 1849 1343 1920 illi

341 1965 556 2050 praedixerat.
582 1966 687 2037 Porta
700 1967 744 2037 ad
760 1967 902 2036 tertium
917 1973 1049 2037 tactum
1063 1967 1174 2050 virgae
1186 1965 1258 2037 sine
1271 1988 1342 2037 mo·

340 2105 380 2154 ra
395 2083 620 2168 pandebatur,
636 2082 857 2167 leonibusque
871 2104 962 2168 pane
976 2084 1091 2168 pastis,
1107 2083 1344 2168 progredieba-

339 2209 400 2272 tur
423 2222 484 2285 per
505 2201 692 2283 castellum,
716 2201 751 2270 in
775 2223 843 2284 quo
868 2201 1008 2272 tandem
1023 2202 1059 2273 in
1074 2200 1340 2285 pulcherrimum

338 2320 500 2390 conclave
514 2317 672 2400 intravit;
694 2317 730 2389 in
746 2339 786 2388 eo
801 2319 929 2389 circum
954 2318 1085 2401 aliquot
1098 2319 1232 2402 equites
1246 2339 1340 2402 repe·

339 2437 386 2506 rit
399 2437 435 2506 in
449 2434 616 2506 artiselliis
631 2435 797 2517 sedentes,
811 2435 943 2506 fascino
952 2435 1152 2520 consopitos
1167 2437 1221 2507 his
1234 2457 1342 2507 annu·

338 2557 390 2626 los
403 2575 423 2624 e
437 2553 553 2637 digitis
568 2553 727 2635 detraxit,
743 2553 954 2638 propriisque
969 2555 1141 2638 imposuit.
1158 2555 1198 2624 In
1212 2554 1341 2626 concla-

339 2673 375 2742 vi
390 2673 496 2742 altero
511 2691 627 2740 ensem
642 2692 721 2740 cum
735 2692 824 2754 pane
839 2671 875 2741 in
889 2691 1008 2742 mensa
1022 2670 1189 2742 iacentem
1204 2671 1340 2755 reperit,

339 2811 427 2874 quos
447 2789 551 2860 etiam
571 2787 719 2858 sustulit.
741 2788 870 2859 Deinde
896 2789 932 2858 in
954 2789 1149 2860 cubiculum
1174 2789 1281 2872 venit,
1302 2789 1338 2859 in

338 2928 408 2990 quo
422 2905 698 2976 venustissimam
715 2905 842 2989 reperit
855 2906 1025 2989 virginem
1050 2907 1085 2976 in
1109 2906 1267 2990 grabato*
1288 2928 1339 2976 se·

340 3024 488 3095 dentem.
510 3022 593 3093 Haec
607 3045 688 3093 eum
704 3023 785 3092 laeta
799 3023 942 3107 excepit,
957 3023 1134 3107 affataque
1149 3044 1228 3095 eum
1244 3023 1341 3108 dixit,

337 3140 367 3211 si
381 3162 418 3210 se
432 3162 454 3210 a
468 3139 605 3210 vinculo
619 3139 865 3210 incantamenti
875 3139 1060 3223 liberasset,
1072 3162 1112 3211 ac
1122 3149 1199 3225 post
1209 3164 1339 3212 annum

339 3258 383 3329 ad
398 3279 435 3328 se
450 3257 586 3338 rediret,
600 3263 714 3327 totum
735 3277 882 3340 regnum
895 3256 1045 3328 insuam
1070 3257 1233 3329 ditionem
1256 3260 1341 3330 acci·

339 3381 445 3460 peret,
460 3375 603 3458 ipsaque
616 3373 758 3457 insuper
773 3375 805 3445 ei
821 3374 977 3445 nuberet.
1007 3374 1113 3447 Porro
1127 3398 1208 3446 eum
1224 3377 1341 3449 docuit

339 3494 475 3576 Aquam
488 3490 578 3560 vitae
592 3491 725 3563 eronte
740 3512 880 3562 manare
895 3489 930 3561 in
946 3491 1057 3562 tundo
1078 3493 1215 3577 castelli,
1239 3494 1340 3567 licere

337 3611 369 3681 ei
384 3615 551 3693 quantam
564 3608 668 3679 vellet
681 3608 830 3691 haurire,
851 3629 932 3679 eum
947 3615 1062 3680 tamen
1078 3631 1259 3695 properare
1273 3612 1341 3686 ius

336 3726 392 3810 sit,
407 3733 449 3796 ut
460 3731 646 3808 antequam
658 3724 872 3809 horologium
883 3725 1061 3798 duodecim
1071 3729 1233 3813 pulsaret,
1242 3737 1340 3802 extra

337 3850 473 3928 portam
486 3849 586 3912 esset.

439 4080 465 4132 t.
482 4075 658 4142 Grobotum,
675 4076 709 4142 -ί,
725 4082 768 4130 ert
780 4077 866 4139 sedes,
880 4077 973 4140 sedile,
984 4078 1146 4147 plerumque
1158 4082 1341 4148 pulvinorum,

337 4145 606 4267 &ffignotgnftzrsstum
620 4145 655 4199 ad
668 4145 837 4200 commodius
849 4145 1000 4198 sedendum
1011 4146 1135 4212 pluribus
1156 4152 1280 4215 personis
1296 4167 1341 4206 ιο·
