3522 5156
563 926 817 982 Puwllltlwuo
839 927 961 992 arone
983 929 1112 982 amrin
1293 914 1335 983 63

332 1095 428 1165 nitus
442 1093 685 1176 explorandam
699 1095 882 1166 confestim
897 1093 963 1165 iter
978 1095 1013 1165 in
1028 1116 1109 1165 eum
1130 1096 1242 1166 locum
1262 1117 1334 1167 car-

332 1218 485 1297 pturum.
506 1211 568 1282 His
583 1212 740 1282 secundis
755 1209 965 1284 novisliberi
987 1234 1105 1282 omnes
1126 1235 1334 1298 magnopere

332 1329 480 1411 exntati
494 1329 563 1398 iam
578 1350 640 1411 pro
655 1337 749 1399 certo
764 1329 1050 1400 existimaverunt
1065 1351 1102 1400 se
1127 1331 1163 1399 in
1188 1331 1335 1402 eundern

331 1445 443 1516 locum
453 1446 640 1528 opulentiae
651 1447 853 1517 restitutum
868 1447 919 1529 iri,
929 1468 998 1530 quo
1009 1454 1112 1516 antea
1123 1448 1335 1532 fruerentur,

332 1584 372 1633 ac
386 1563 577 1647 praesertim
592 1563 671 1633 liliae
685 1564 784 1634 enixe
805 1563 849 1633 ab
875 1585 916 1634 eo
941 1562 1197 1648 flagitaverunt,
1222 1573 1264 1636 ut
1284 1588 1336 1636 re-

332 1679 414 1761 dux,
430 1680 519 1750 dona
535 1679 597 1749 sibi
613 1681 769 1750 referret.

414 1796 524 1867 “Tam
539 1796 599 1866 diu
610 1797 681 1866 iam
695 1796 778 1866 nihil
794 1796 838 1866 ad
852 1797 1042 1879 gerendum
1062 1797 1256 1881 habuimus,
1270 1800 1335 1870 nisi

331 1919 484 1998 pannos,³
512 1914 733 1997 conqueritur
762 1914 985 1984 adultissima.
1014 1913 1120 1998 “Age
1150 1915 1199 1985 mi
1227 1923 1334 2000 pater,

331 2033 423 2102 ferto
448 2031 530 2100 mihi
554 2031 795 2101 indumentum
820 2032 912 2114 quod
938 2033 1086 2116 reperies
1111 2033 1332 2116 splendidissi-

331 2170 436 2218 mum.
459 2149 706 2219 Indumentum
721 2155 839 2218 autern
856 2149 901 2218 sit
916 2149 1093 2232 sericeum,
1115 2153 1215 2220 arcus
1238 2152 1336 2222 coele·

334 2266 396 2336 stis
411 2266 528 2348 instar,
542 2265 676 2336 cunctis
690 2265 835 2336 diversis
848 2265 1017 2336 coloribus
1031 2267 1210 2337 tinctum.”

416 2381 521 2453 “Mihi
536 2383 684 2464 autem‚”
700 2385 798 2454 intur
813 2384 930 2466 altera,
946 2383 1122 2466 “gemmas
1136 2386 1238 2455 ierto.
1265 2387 1336 2456 Mo-

332 2501 414 2571 nile⁴
428 2523 447 2572 e
460 2501 676 2570 carbunculis
688 2508 726 2571 et
740 2501 937 2584 sapphiris.”

416 2617 521 2689 “Mihi
537 2619 652 2700 vero,''
668 2626 769 2701 rogat
793 2618 906 2701 tertia,
933 2615 1047 2688 “ierto
1071 2621 1207 2690 stolam⁵
1232 2621 1338 2704 hyni-

334 2741 439 2817 ιιωη,6
453 2736 523 2806 teli
538 2735 743 2818 subsutam‚⁷
758 2757 843 2805 auro
858 2736 1022 2806 textam.''

433 2988 458 3040 3.
475 2987 578 3039 Praeter
588 2985 733 3038 materiam
746 2985 873 3047 vectium,
885 3000 1016 3053 pannon,
1028 2986 1113 3040 etiam
1125 2987 1229 3042 lacerae
1241 3005 1273 3044 ac
1287 2993 1336 3045 tri·

333 3076 377 3124 taa
398 3075 498 3130 veatea,
522 3085 555 3121 ac
579 3069 671 3121 inuata
696 3069 817 3122 vestium
841 3069 949 3122 abiecta
962 3073 991 3121 et
1002 3069 1119 3132 aordida,
1131 3070 1190 3124 sive
1201 3077 1337 3128 oenum

335 3169 442 3220 quoque
455 3152 604 3219 significat,
617 3159 649 3205 ut
661 3150 716 3206 hic.

434 3237 459 3288 4.
481 3235 615 3289 Catenula
628 3250 718 3296 aurea,
730 3235 760 3288 in
772 3236 843 3289 collo
855 3241 941 3302 ganta:
955 3235 1003 3289 aed
1022 3237 1107 3290 etiam
1120 3237 1175 3291 alla
1187 3240 1246 3294 eiua
1257 3257 1338 3307 gene·

333 3321 373 3374 ria
383 3335 465 3373 aurea
478 3325 641 3372 ornamenta
653 3317 761 3372 monile
781 3317 844 3384 (le,
861 3317 911 3382 ·ia,
925 3319 974 3384 n.)
988 3321 1170 3386 appellantur.

432 3403 457 3456 5.
474 3401 566 3466 Stolo,
582 3417 626 3465 -κ,
642 3403 750 3469 proprie
775 3409 817 3456 eat
838 3403 952 3468 pallium
976 3403 1116 3466 muliebre,
1129 3405 1170 3458 nti
1181 3405 1279 3473 pullen
1293 3416 1335 3463 eat

333 3489 421 3543 reatin
431 3492 530 3541 oruata
541 3503 573 3540 ac
586 3491 753 3552 sumptuosa,
767 3489 913 3554 gerebatur
935 3493 1029 3541 autem
1041 3488 1200 3556 plerumque
1211 3507 1228 3544 a
1239 3499 1340 3547 matro-

333 3573 378 3626 nia
389 3573 418 3625 in
432 3571 549 3638 publico,
560 3570 608 3623 aed
621 3571 705 3623 etiam
717 3569 751 3624 ab
764 3571 834 3632 aliia,
846 3571 931 3625 certia
947 3571 1158 3634 occaaaionibua,
1171 3574 1213 3626 uti
1225 3590 1242 3627 a
1255 3577 1339 3630 mual-

333 3657 381 3717 οἰκ
406 3655 524 3721 denique
548 3669 565 3708 a
586 3653 771 3707 sacerdotibus
794 3655 858 3707 Deae
871 3655 958 3716 laidis,
970 3671 1030 3721 quae
1041 3655 1142 3716 Romae,
1156 3657 1206 3709 aub
1218 3658 1335 3725 Imperio

333 3739 434 3794 statuis
446 3739 510 3790 Deae
522 3737 653 3803 praelatia,
668 3753 770 3803 magua
786 3737 970 3800 solemnitate,
993 3738 1220 3804 processionibua,
1237 3749 1339 3809 mynte-

333 3822 390 3883 riia,
403 3821 502 3888 qulbus
515 3825 620 3874 secreto
632 3820 763 3874 initiandi
775 3821 931 3874 aucerdotea
943 3820 1115 3888 cultoresque
1128 3829 1216 3884 erant,
1227 3827 1338 3892 magula

333 3904 493 3972 aumptibua.
507 3919 608 3970 magna
618 3918 725 3970 pompa,
741 3903 850 3970 rituque
869 3904 1018 3970 magnifico
1044 3905 1099 3958 eoli
1111 3911 1194 3973 atque
1206 3908 1338 3963 celebrari

336 3986 488 4041 consuevit.

435 4071 460 4124 6.
477 4069 601 4135 Bosana.
616 4067 653 4132 -i‚·
667 4083 740 4131 -τιηι,
757 4067 791 4132 -e',
806 4075 848 4122 eat
860 4071 916 4123 tela
926 4070 1008 4133 linea
1019 4070 1114 4133 lintea,
1131 4073 1178 4125 aed
1199 4079 1227 4126 et
1246 4089 1338 4142 goaay·

336 4156 402 4222 pina
413 4155 522 4219 optima
536 4153 626 4214 sortia,
637 4153 679 4206 uti
693 4150 808 4214 dodon,
821 4153 898 4206 valor
909 4159 1003 4208 tamen
1015 4156 1167 4221 praeaertim
1179 4172 1213 4210 ex
1226 4159 1337 4226 tingen-
