3540 5156
428 961 490 1032 198
760 977 865 1032 auor
886 977 932 1031 rr
952 977 1090 1032 raucus

425 1165 622 1228 gemmeum
635 1144 797 1226 subeunt,
819 1147 1046 1228 susceptaque
1068 1143 1214 1227 domina,
1238 1144 1328 1214 laetae
1348 1143 1429 1215 sub·

424 1261 553 1332 volant
568 1260 718 1333 Currum
734 1261 816 1330 Deae
842 1268 1089 1346 prosequentes
1111 1263 1258 1345 gannitu
1280 1267 1430 1332 constre-

423 1379 519 1463 penti
533 1377 715 1450 lasciviunt
730 1399 885 1462 passeres
900 1385 937 1448 et
951 1385 1086 1450 craterae
1106 1399 1186 1462 quae
1199 1378 1298 1449 dulce
1323 1379 1432 1449 canti·

423 1502 607 1579 tantares,
623 1495 753 1566 melleis
767 1495 913 1566 modulis
937 1517 1044 1567 suave
1069 1502 1279 1578 resonantes,
1301 1496 1430 1566 adven·

424 1620 500 1684 tum
514 1613 596 1684 Deae
609 1615 844 1698 pronuntiant.
866 1613 1002 1685 Cedunt
1026 1613 1146 1696 nubes,
1162 1619 1198 1682 et
1210 1613 1334 1683 coelum
1348 1611 1429 1682 liliae

424 1730 596 1815 panditur,
612 1739 648 1802 et
662 1753 816 1803 summus
831 1731 940 1802 aether
954 1753 1032 1801 cum
1055 1729 1181 1814 gaudio
1202 1729 1343 1814 suscipit
1363 1730 1430 1801 De·

422 1868 491 1930 am,
513 1869 577 1918 nec
601 1849 720 1919 obvias
743 1849 884 1933 aquilas,
907 1849 964 1918 vel
990 1846 1168 1930 accipitres
1199 1867 1340 1931 rapaces
1353 1868 1430 1931 per·

423 1963 571 2035 timescit
584 1987 720 2048 magnae
733 1965 876 2037 Veneris
889 1987 1016 2036 canora
1029 1963 1172 2034 familia.
1188 1963 1286 2034 ‘lime
1301 1985 1339 2034 se
1353 1984 1430 2048 pro·

423 2079 518 2152 tinus
531 2081 575 2152 ad
589 2083 701 2166 regias
716 2083 806 2154 lovis
820 2103 915 2153 arces
930 2080 1058 2165 dirigit,
1084 2088 1121 2151 et
1142 2081 1255 2164 petitu
1281 2080 1431 2164 superbo

424 2198 594 2282 Mercurii,
619 2200 681 2270 Dei
704 2199 868 2270 vocalis¹⁴⁰
897 2221 1010 2283 operae
1034 2198 1260 2268 necessariam
1283 2219 1427 2268 usuram

423 2317 581 2398 postulat.
593 2315 667 2386 Nec
680 2317 794 2387 renuit
804 2317 895 2386 Iovis
905 2316 1070 2386 caerulum
1086 2315 1315 2399 supercilium.
1326 2315 1427 2386 Tunc

423 2455 531 2504 ovans
559 2433 655 2517 illico,
680 2434 843 2504 comitata
866 2433 970 2504 etiam
996 2432 1175 2514 Mercurio,
1200 2432 1320 2502 Venus
1340 2433 1427 2503 coelo

422 2550 569 2634 demeat,
584 2551 684 2635 eique
698 2551 839 2622 sollicite
854 2551 937 2622 serit
949 2551 1074 2621 verba:

506 2683 650 2757 “Frater
672 2691 817 2769 arcas,¹⁴¹
840 2687 908 2757 scio
932 2705 1055 2769 nempe
1080 2704 1232 2754 sororem
1256 2684 1425 2756 Venerem

420 2803 494 2874 sine
508 2803 668 2874 Mercurii
684 2804 867 2887 praesentia
879 2803 962 2873 nihil
976 2823 1130 2886 unquam
1143 2801 1266 2872 fecisse
1274 2823 1283 2884 ;
1311 2823 1375 2872 nec
1388 2809 1425 2872 te

423 2921 577 3004 praeterit
597 2921 718 3005 utique
744 2928 874 3005 quanto
899 2921 969 2990 iam
992 2927 1146 3003 tempore
1170 2917 1426 2990 delitescentem

422 3039 578 3109 ancillam
591 3039 804 3122 nequiverim
815 3037 973 3121 reperire.
983 3037 1040 3108 Nil
1052 3057 1135 3120 ergo
1144 3043 1310 3120 superest,
1318 3057 1424 3120 quam

422 3161 485 3226 tuo
499 3155 668 3238 praeconio
682 3155 862 3240 praemium
875 3153 1148 3238 investigationis
1158 3152 1343 3236 publicitus
1357 3153 1426 3224 edi·

421 3293 508 3343 cere.
523 3273 591 3344 Fac
605 3294 688 3356 ergo
703 3272 904 3342 mandatum
919 3277 1073 3342 matures
1093 3291 1218 3354 meum,
1242 3278 1279 3341 et
1300 3270 1425 3342 indicia

420 3389 546 3473 quibus
560 3389 666 3474 possit
679 3389 846 3472 cognosci,
861 3389 1044 3459 manifeste
1067 3386 1242 3470 designes:
1258 3409 1302 3457 ne
1317 3387 1425 3472 nouis

420 3507 654 3578 occultationis
667 3505 792 3576 illicitae
816 3505 955 3576 crimem
980 3502 1134 3586 subierit,
1159 3503 1366 3586 ignorantia
1385 3525 1423 3576 se

420 3623 526 3708 possit
540 3623 759 3695 excusatione
773 3622 989 3694 defendere.”

502 3759 547 3828 Et
562 3758 662 3830 simul
677 3758 802 3840 dicens,
816 3757 969 3828 libellum
983 3755 1015 3828 ei
1028 3755 1182 3846 porrigit,
1198 3755 1256 3826 ubi
1272 3755 1424 3840 Psyches

522 4033 580 4085 140.
597 4031 718 4084 Nuntius
730 4030 856 4092 Deorum,
869 4029 943 4083 Deus
954 4029 1125 4097 eloquentiae.

522 4133 579 4185 141.
596 4130 704 4194 Arcas,
720 4128 852 4194 circadis,
867 4129 941 4197 quod
957 4129 1107 4184 Mercurius
1125 4130 1215 4184 futur
1234 4129 1264 4183 in
1287 4129 1422 4196 Cylonne,

421 4219 516 4270 monte
528 4215 650 4270 Arcadiae
661 4219 744 4268 natus
754 4214 849 4267 inisse.
