<?xml version="1.0" encoding="UTF-8"?>
<!DOCTYPE html PUBLIC "-//W3C//DTD XHTML 1.0 Transitional//EN"
    "http://www.w3.org/TR/xhtml1/DTD/xhtml1-transitional.dtd">
<html xmlns="http://www.w3.org/1999/xhtml" xml:lang="en" lang="en">
 <head>
  <title>
</title>
<meta http-equiv="Content-Type" content="text/html;charset=utf-8" />
  <meta name='ocr-system' content='tesseract 3.04.00' />
  <meta name='ocr-capabilities' content='ocr_page ocr_carea ocr_par ocr_line ocrx_word'/>
</head>
<body>
  <div class='ocr_page' id='page_1' title='image "./fabuldivalesexn00apulgoog_0043.png"; bbox 0 0 3522 5156; ppageno 0'>
   <div class='ocr_carea' id='block_1_1' title="bbox 427 897 1030 968">
    <p class='ocr_par' dir='ltr' id='par_1_1' title="bbox 427 897 1030 968">
     <span class='ocr_line' id='line_1_1' title="bbox 427 897 1030 968; baseline 0.003 -2"><span class='ocrx_word' id='word_1_1' title='bbox 427 897 471 967; x_wconf 83' lang='lat'>32</span> <span class='ocrx_word' id='word_1_2' title='bbox 841 911 1030 968; x_wconf 72' lang='lat' dir='ltr'>cmscvu</span> 
     </span>
    </p>
   </div>
   <div class='ocr_carea' id='block_1_2' title="bbox 430 1079 1436 1868">
    <p class='ocr_par' dir='ltr' id='par_1_2' title="bbox 430 1079 1436 1515">
     <span class='ocr_line' id='line_1_2' title="bbox 430 1079 1434 1162; baseline 0.002 -12"><span class='ocrx_word' id='word_1_3' title='bbox 430 1079 507 1150; x_wconf 84' lang='lat' dir='ltr'>nari</span> <span class='ocrx_word' id='word_1_4' title='bbox 520 1079 706 1150; x_wconf 87' lang='lat' dir='ltr'>stramineo</span> <span class='ocrx_word' id='word_1_5' title='bbox 719 1080 849 1152; x_wconf 84' lang='lat' dir='ltr'>cubans</span> <span class='ocrx_word' id='word_1_6' title='bbox 859 1102 869 1162; x_wconf 89' lang='lat'>;</span> <span class='ocrx_word' id='word_1_7' title='bbox 901 1082 961 1152; x_wconf 86' lang='lat' dir='ltr'>sed</span> <span class='ocrx_word' id='word_1_8' title='bbox 985 1103 1118 1152; x_wconf 87' lang='lat' dir='ltr'>sorores</span> <span class='ocrx_word' id='word_1_9' title='bbox 1140 1081 1359 1152; x_wconf 80' lang='lat' dir='ltr'>conclavibus</span> <span class='ocrx_word' id='word_1_10' title='bbox 1378 1103 1434 1152; x_wconf 87' lang='lat' dir='ltr'>su·</span> 
     </span>
     <span class='ocr_line' id='line_1_3' title="bbox 430 1195 1434 1282; baseline 0.003 -16"><span class='ocrx_word' id='word_1_11' title='bbox 430 1195 631 1282; x_wconf 81' lang='lat' dir='ltr'>perbiebaut</span> <span class='ocrx_word' id='word_1_12' title='bbox 655 1197 924 1281; x_wconf 70' lang='lat' dir='ltr'>elegantissimis,</span> <span class='ocrx_word' id='word_1_13' title='bbox 949 1199 985 1268; x_wconf 91' lang='lat' dir='ltr'>in</span> <span class='ocrx_word' id='word_1_14' title='bbox 1015 1198 1112 1270; x_wconf 87' lang='lat' dir='ltr'>lectis</span> <span class='ocrx_word' id='word_1_15' title='bbox 1134 1198 1282 1269; x_wconf 84' lang='lat' dir='ltr'>molliter</span> <span class='ocrx_word' id='word_1_16' title='bbox 1306 1199 1434 1281; x_wconf 76' lang='lat' dir='ltr'>stratis,</span> 
     </span>
     <span class='ocr_line' id='line_1_4' title="bbox 430 1313 1436 1400; baseline 0.004 -17"><span class='ocrx_word' id='word_1_17' title='bbox 430 1313 643 1398; x_wconf 80' lang='lat' dir='ltr'>speculisque</span> <span class='ocrx_word' id='word_1_18' title='bbox 668 1313 855 1398; x_wconf 85' lang='lat' dir='ltr'>instructis,</span> <span class='ocrx_word' id='word_1_19' title='bbox 881 1314 917 1384; x_wconf 91' lang='lat' dir='ltr'>in</span> <span class='ocrx_word' id='word_1_20' title='bbox 942 1315 1070 1399; x_wconf 88' lang='lat' dir='ltr'>quibus</span> <span class='ocrx_word' id='word_1_21' title='bbox 1083 1337 1120 1386; x_wconf 85' lang='lat' dir='ltr'>se</span> <span class='ocrx_word' id='word_1_22' title='bbox 1134 1336 1157 1385; x_wconf 89' lang='lat' dir='ltr'>a</span> <span class='ocrx_word' id='word_1_23' title='bbox 1171 1315 1300 1386; x_wconf 83' lang='lat' dir='ltr'>vertice</span> <span class='ocrx_word' id='word_1_24' title='bbox 1314 1316 1436 1400; x_wconf 79' lang='lat' dir='ltr'>capitis</span> 
     </span>
     <span class='ocr_line' id='line_1_5' title="bbox 432 1429 1056 1515; baseline 0.003 -15"><span class='ocrx_word' id='word_1_25' title='bbox 432 1429 475 1500; x_wconf 85' lang='lat' dir='ltr'>ad</span> <span class='ocrx_word' id='word_1_26' title='bbox 490 1429 579 1500; x_wconf 85' lang='lat' dir='ltr'>talos</span> <span class='ocrx_word' id='word_1_27' title='bbox 592 1451 702 1514; x_wconf 86' lang='lat' dir='ltr'>usque</span> <span class='ocrx_word' id='word_1_28' title='bbox 716 1437 873 1514; x_wconf 85' lang='lat' dir='ltr'>spectare</span> <span class='ocrx_word' id='word_1_29' title='bbox 886 1437 1056 1515; x_wconf 83' lang='lat' dir='ltr'>poteraut</span> 
     </span>
    </p>

    <p class='ocr_par' dir='ltr' id='par_1_3' title="bbox 432 1547 1435 1868">
     <span class='ocr_line' id='line_1_6' title="bbox 515 1547 1433 1632; baseline 0.007 -16"><span class='ocrx_word' id='word_1_30' title='bbox 515 1547 563 1616; x_wconf 87' lang='lat' dir='ltr'>At</span> <span class='ocrx_word' id='word_1_31' title='bbox 593 1567 675 1616; x_wconf 86' lang='lat' dir='ltr'>vero</span> <span class='ocrx_word' id='word_1_32' title='bbox 703 1547 833 1618; x_wconf 87' lang='lat' dir='ltr'>misella</span> <span class='ocrx_word' id='word_1_33' title='bbox 859 1547 1032 1632; x_wconf 63' lang='lat' dir='ltr'>privigna</span> <span class='ocrx_word' id='word_1_34' title='bbox 1061 1557 1186 1620; x_wconf 86' lang='lat' dir='ltr'>cuncta</span> <span class='ocrx_word' id='word_1_35' title='bbox 1213 1551 1288 1621; x_wconf 77' lang='lat' dir='ltr'>brec</span> <span class='ocrx_word' id='word_1_36' title='bbox 1313 1551 1433 1622; x_wconf 89' lang='lat' dir='ltr'>humili</span> 
     </span>
     <span class='ocr_line' id='line_1_7' title="bbox 432 1662 1434 1750; baseline 0.005 -16"><span class='ocrx_word' id='word_1_37' title='bbox 432 1683 601 1748; x_wconf 79' lang='lat' dir='ltr'>aequoque</span> <span class='ocrx_word' id='word_1_38' title='bbox 613 1662 749 1734; x_wconf 79' lang='lat' dir='ltr'>ferebat</span> <span class='ocrx_word' id='word_1_39' title='bbox 763 1663 886 1747; x_wconf 87' lang='lat' dir='ltr'>animo,</span> <span class='ocrx_word' id='word_1_40' title='bbox 900 1666 1020 1735; x_wconf 90' lang='lat' dir='ltr'>munia</span> <span class='ocrx_word' id='word_1_41' title='bbox 1034 1665 1099 1736; x_wconf 86' lang='lat' dir='ltr'>sibi</span> <span class='ocrx_word' id='word_1_42' title='bbox 1111 1665 1280 1738; x_wconf 84' lang='lat' dir='ltr'>attributa</span> <span class='ocrx_word' id='word_1_43' title='bbox 1299 1688 1362 1750; x_wconf 90' lang='lat' dir='ltr'>pro</span> <span class='ocrx_word' id='word_1_44' title='bbox 1385 1667 1434 1738; x_wconf 88' lang='lat' dir='ltr'>vi·</span> 
     </span>
     <span class='ocr_line' id='line_1_8' title="bbox 432 1779 1435 1868; baseline 0.004 -16"><span class='ocrx_word' id='word_1_45' title='bbox 432 1779 527 1852; x_wconf 87' lang='lat' dir='ltr'>ribus</span> <span class='ocrx_word' id='word_1_46' title='bbox 541 1780 734 1864; x_wconf 83' lang='lat' dir='ltr'>persolvere</span> <span class='ocrx_word' id='word_1_47' title='bbox 756 1781 946 1865; x_wconf 84' lang='lat' dir='ltr'>consuevit,</span> <span class='ocrx_word' id='word_1_48' title='bbox 968 1803 1033 1853; x_wconf 85' lang='lat' dir='ltr'>nec</span> <span class='ocrx_word' id='word_1_49' title='bbox 1055 1782 1146 1866; x_wconf 82' lang='lat' dir='ltr'>patri</span> <span class='ocrx_word' id='word_1_50' title='bbox 1172 1805 1328 1868; x_wconf 87' lang='lat' dir='ltr'>unquam</span> <span class='ocrx_word' id='word_1_51' title='bbox 1357 1807 1435 1856; x_wconf 89' lang='lat' dir='ltr'>con·</span> 
     </span>
    </p>
   </div>
   <div class='ocr_carea' id='block_1_3' title="bbox 431 1895 1439 3621">
    <p class='ocr_par' dir='ltr' id='par_1_4' title="bbox 431 1895 1437 2330">
     <span class='ocr_line' id='line_1_9' title="bbox 432 1895 1436 1982; baseline 0.004 -14"><span class='ocrx_word' id='word_1_52' title='bbox 432 1897 539 1982; x_wconf 84' lang='lat' dir='ltr'>queri</span> <span class='ocrx_word' id='word_1_53' title='bbox 560 1895 710 1968; x_wconf 84' lang='lat' dir='ltr'>Morisei</span> <span class='ocrx_word' id='word_1_54' title='bbox 725 1903 801 1968; x_wconf 86' lang='lat' dir='ltr'>erat</span> <span class='ocrx_word' id='word_1_55' title='bbox 814 1898 997 1981; x_wconf 80' lang='lat' dir='ltr'>persolutis</span> <span class='ocrx_word' id='word_1_56' title='bbox 1010 1899 1081 1969; x_wconf 89' lang='lat' dir='ltr'>suis</span> <span class='ocrx_word' id='word_1_57' title='bbox 1095 1900 1296 1972; x_wconf 86' lang='lat' dir='ltr'>muneribus</span> <span class='ocrx_word' id='word_1_58' title='bbox 1318 1901 1355 1972; x_wconf 89' lang='lat' dir='ltr'>iu</span> <span class='ocrx_word' id='word_1_59' title='bbox 1376 1923 1436 1972; x_wconf 87' lang='lat' dir='ltr'>an·</span> 
     </span>
     <span class='ocr_line' id='line_1_10' title="bbox 431 2013 1435 2103; baseline 0.006 -20"><span class='ocrx_word' id='word_1_60' title='bbox 431 2014 513 2100; x_wconf 73' lang='lat' dir='ltr'>gulo</span> <span class='ocrx_word' id='word_1_61' title='bbox 527 2013 660 2097; x_wconf 84' lang='lat' dir='ltr'>camini,</span> <span class='ocrx_word' id='word_1_62' title='bbox 674 2013 710 2084; x_wconf 91' lang='lat' dir='ltr'>in</span> <span class='ocrx_word' id='word_1_63' title='bbox 723 2013 835 2084; x_wconf 85' lang='lat' dir='ltr'>modio</span> <span class='ocrx_word' id='word_1_64' title='bbox 849 2015 1002 2086; x_wconf 91' lang='lat' dir='ltr'>cinerum</span> <span class='ocrx_word' id='word_1_65' title='bbox 1016 2037 1057 2086; x_wconf 88' lang='lat' dir='ltr'>ac</span> <span class='ocrx_word' id='word_1_66' title='bbox 1070 2015 1232 2087; x_wconf 87' lang='lat' dir='ltr'>titionum</span> <span class='ocrx_word' id='word_1_67' title='bbox 1252 2017 1435 2103; x_wconf 87' lang='lat' dir='ltr'>considere,</span> 
     </span>
     <span class='ocr_line' id='line_1_11' title="bbox 432 2129 1437 2220; baseline 0.004 -18"><span class='ocrx_word' id='word_1_68' title='bbox 432 2129 655 2215; x_wconf 87' lang='lat' dir='ltr'>quamobrem</span> <span class='ocrx_word' id='word_1_69' title='bbox 668 2151 801 2200; x_wconf 86' lang='lat' dir='ltr'>sorores</span> <span class='ocrx_word' id='word_1_70' title='bbox 815 2152 887 2202; x_wconf 82' lang='lat' dir='ltr'>suae</span> <span class='ocrx_word' id='word_1_71' title='bbox 911 2153 988 2202; x_wconf 88' lang='lat' dir='ltr'>eam</span> <span class='ocrx_word' id='word_1_72' title='bbox 1012 2131 1150 2204; x_wconf 91' lang='lat' dir='ltr'>nomine</span> <span class='ocrx_word' id='word_1_73' title='bbox 1164 2133 1353 2217; x_wconf 81' lang='lat' dir='ltr'>Cinisculae,</span> <span class='ocrx_word' id='word_1_74' title='bbox 1374 2157 1437 2220; x_wconf 87' lang='lat' dir='ltr'>per</span> 
     </span>
     <span class='ocr_line' id='line_1_12' title="bbox 433 2247 1029 2330; baseline 0.002 -11"><span class='ocrx_word' id='word_1_75' title='bbox 433 2247 684 2330; x_wconf 86' lang='lat' dir='ltr'>contumeliam,</span> <span class='ocrx_word' id='word_1_76' title='bbox 699 2247 851 2318; x_wconf 79' lang='lat' dir='ltr'>vocitare</span> <span class='ocrx_word' id='word_1_77' title='bbox 865 2249 1029 2320; x_wconf 86' lang='lat' dir='ltr'>solebant.</span> 
     </span>
    </p>

    <p class='ocr_par' dir='ltr' id='par_1_5' title="bbox 431 2363 1437 2803">
     <span class='ocr_line' id='line_1_13' title="bbox 517 2363 1437 2452; baseline 0.005 -17"><span class='ocrx_word' id='word_1_78' title='bbox 517 2365 767 2436; x_wconf 88' lang='lat' dir='ltr'>Verumtamen</span> <span class='ocrx_word' id='word_1_79' title='bbox 782 2363 962 2448; x_wconf 83' lang='lat' dir='ltr'>Ciniscula,</span> <span class='ocrx_word' id='word_1_80' title='bbox 976 2367 1013 2436; x_wconf 90' lang='lat' dir='ltr'>in</span> <span class='ocrx_word' id='word_1_81' title='bbox 1027 2366 1140 2437; x_wconf 84' lang='lat' dir='ltr'>medio</span> <span class='ocrx_word' id='word_1_82' title='bbox 1154 2367 1318 2452; x_wconf 84' lang='lat' dir='ltr'>cinerum,</span> <span class='ocrx_word' id='word_1_83' title='bbox 1332 2369 1437 2440; x_wconf 87' lang='lat' dir='ltr'>sordi·</span> 
     </span>
     <span class='ocr_line' id='line_1_14' title="bbox 433 2481 1436 2568; baseline 0.003 -14"><span class='ocrx_word' id='word_1_84' title='bbox 433 2481 486 2554; x_wconf 84' lang='lat' dir='ltr'>dis</span> <span class='ocrx_word' id='word_1_85' title='bbox 498 2481 620 2554; x_wconf 88' lang='lat' dir='ltr'>induta</span> <span class='ocrx_word' id='word_1_86' title='bbox 633 2482 900 2566; x_wconf 76' lang='lat' dir='ltr'>veteramentis⁶</span> <span class='ocrx_word' id='word_1_87' title='bbox 915 2482 1048 2554; x_wconf 87' lang='lat' dir='ltr'>duabus</span> <span class='ocrx_word' id='word_1_88' title='bbox 1072 2483 1247 2554; x_wconf 89' lang='lat' dir='ltr'>sororibus</span> <span class='ocrx_word' id='word_1_89' title='bbox 1261 2485 1342 2568; x_wconf 88' lang='lat' dir='ltr'>suis,</span> <span class='ocrx_word' id='word_1_90' title='bbox 1357 2485 1436 2557; x_wconf 90' lang='lat' dir='ltr'>licet</span> 
     </span>
     <span class='ocr_line' id='line_1_15' title="bbox 431 2600 1435 2685; baseline 0.001 -13"><span class='ocrx_word' id='word_1_91' title='bbox 431 2605 632 2684; x_wconf 88' lang='lat' dir='ltr'>sumptuoso</span> <span class='ocrx_word' id='word_1_92' title='bbox 659 2605 827 2682; x_wconf 88' lang='lat' dir='ltr'>apparatu</span> <span class='ocrx_word' id='word_1_93' title='bbox 856 2600 1007 2670; x_wconf 84' lang='lat' dir='ltr'>vestium</span> <span class='ocrx_word' id='word_1_94' title='bbox 1036 2601 1176 2684; x_wconf 85' lang='lat' dir='ltr'>ornatis,</span> <span class='ocrx_word' id='word_1_95' title='bbox 1201 2601 1339 2685; x_wconf 77' lang='lat' dir='ltr'>oppido⁶</span> <span class='ocrx_word' id='word_1_96' title='bbox 1359 2608 1435 2673; x_wconf 87' lang='lat' dir='ltr'>erat</span> 
     </span>
     <span class='ocr_line' id='line_1_16' title="bbox 432 2716 616 2803; baseline 0 -15"><span class='ocrx_word' id='word_1_97' title='bbox 432 2716 616 2803; x_wconf 82' lang='lat' dir='ltr'>pulchrior.</span> 
     </span>
    </p>

    <p class='ocr_par' dir='ltr' id='par_1_6' title="bbox 432 2834 1439 3621">
     <span class='ocr_line' id='line_1_17' title="bbox 515 2834 1435 2921; baseline 0.003 -16"><span class='ocrx_word' id='word_1_98' title='bbox 515 2834 668 2918; x_wconf 82' lang='lat' dir='ltr'>Tempus</span> <span class='ocrx_word' id='word_1_99' title='bbox 682 2834 814 2904; x_wconf 85' lang='lat' dir='ltr'>interea</span> <span class='ocrx_word' id='word_1_100' title='bbox 827 2834 1016 2905; x_wconf 81' lang='lat' dir='ltr'>labebatur.</span> <span class='ocrx_word' id='word_1_101' title='bbox 1032 2835 1190 2920; x_wconf 87' lang='lat' dir='ltr'>Quodam</span> <span class='ocrx_word' id='word_1_102' title='bbox 1213 2836 1360 2921; x_wconf 88' lang='lat' dir='ltr'>denique</span> <span class='ocrx_word' id='word_1_103' title='bbox 1381 2837 1435 2908; x_wconf 92' lang='lat' dir='ltr'>die</span> 
     </span>
     <span class='ocr_line' id='line_1_18' title="bbox 432 2950 1436 3040; baseline 0.002 -16"><span class='ocrx_word' id='word_1_104' title='bbox 432 2950 547 3024; x_wconf 86' lang='lat' dir='ltr'>evenit</span> <span class='ocrx_word' id='word_1_105' title='bbox 576 2957 617 3023; x_wconf 92' lang='lat' dir='ltr'>ut</span> <span class='ocrx_word' id='word_1_106' title='bbox 645 2951 734 3023; x_wconf 89' lang='lat' dir='ltr'>filius</span> <span class='ocrx_word' id='word_1_107' title='bbox 758 2951 850 3035; x_wconf 78' lang='lat' dir='ltr'>regis</span> <span class='ocrx_word' id='word_1_108' title='bbox 874 2951 1034 3022; x_wconf 85' lang='lat' dir='ltr'>ballistia⁷</span> <span class='ocrx_word' id='word_1_109' title='bbox 1059 2951 1267 3036; x_wconf 76' lang='lat' dir='ltr'>institueret,</span> <span class='ocrx_word' id='word_1_110' title='bbox 1292 2953 1436 3040; x_wconf 84' lang='lat' dir='ltr'>adquae</span> 
     </span>
     <span class='ocr_line' id='line_1_19' title="bbox 433 3067 1437 3153; baseline 0.002 -13"><span class='ocrx_word' id='word_1_111' title='bbox 433 3089 552 3140; x_wconf 87' lang='lat' dir='ltr'>omnes</span> <span class='ocrx_word' id='word_1_112' title='bbox 566 3067 663 3151; x_wconf 79' lang='lat' dir='ltr'>regni</span> <span class='ocrx_word' id='word_1_113' title='bbox 678 3067 868 3152; x_wconf 80' lang='lat' dir='ltr'>optimates,</span> <span class='ocrx_word' id='word_1_114' title='bbox 883 3089 1039 3151; x_wconf 87' lang='lat' dir='ltr'>proceres</span> <span class='ocrx_word' id='word_1_115' title='bbox 1053 3075 1159 3153; x_wconf 88' lang='lat' dir='ltr'>atque</span> <span class='ocrx_word' id='word_1_116' title='bbox 1170 3069 1366 3141; x_wconf 88' lang='lat' dir='ltr'>universam</span> <span class='ocrx_word' id='word_1_117' title='bbox 1377 3093 1437 3142; x_wconf 90' lang='lat' dir='ltr'>no·</span> 
     </span>
     <span class='ocr_line' id='line_1_20' title="bbox 433 3183 1434 3270; baseline 0 -12"><span class='ocrx_word' id='word_1_118' title='bbox 433 3185 599 3258; x_wconf 87' lang='lat' dir='ltr'>bilitatem</span> <span class='ocrx_word' id='word_1_119' title='bbox 615 3183 785 3256; x_wconf 86' lang='lat' dir='ltr'>invitavit.</span> <span class='ocrx_word' id='word_1_120' title='bbox 801 3183 942 3257; x_wconf 89' lang='lat' dir='ltr'>Sorores</span> <span class='ocrx_word' id='word_1_121' title='bbox 955 3207 1090 3270; x_wconf 84' lang='lat' dir='ltr'>quoque</span> <span class='ocrx_word' id='word_1_122' title='bbox 1112 3186 1290 3258; x_wconf 87' lang='lat' dir='ltr'>Cinisculae</span> <span class='ocrx_word' id='word_1_123' title='bbox 1312 3187 1434 3258; x_wconf 88' lang='lat' dir='ltr'>invita·</span> 
     </span>
     <span class='ocr_line' id='line_1_21' title="bbox 432 3301 1438 3406; baseline 0.002 -32"><span class='ocrx_word' id='word_1_124' title='bbox 432 3303 561 3374; x_wconf 89' lang='lat' dir='ltr'>tionem</span> <span class='ocrx_word' id='word_1_125' title='bbox 575 3302 707 3374; x_wconf 75' lang='lat' dir='ltr'>sortitae</span> <span class='ocrx_word' id='word_1_126' title='bbox 720 3309 810 3386; x_wconf 87' lang='lat' dir='ltr'>sunt,</span> <span class='ocrx_word' id='word_1_127' title='bbox 825 3302 916 3406; x_wconf 75' lang='lat' dir='ltr'>unde</span> <span class='ocrx_word' id='word_1_128' title='bbox 937 3301 1108 3374; x_wconf 84' lang='lat' dir='ltr'>ineffabile</span> <span class='ocrx_word' id='word_1_129' title='bbox 1132 3303 1298 3388; x_wconf 81' lang='lat' dir='ltr'>gaudium</span> <span class='ocrx_word' id='word_1_130' title='bbox 1324 3326 1438 3389; x_wconf 88' lang='lat' dir='ltr'>perce·</span> 
     </span>
     <span class='ocr_line' id='line_1_22' title="bbox 434 3419 1439 3506; baseline 0.001 -14"><span class='ocrx_word' id='word_1_131' title='bbox 434 3427 568 3505; x_wconf 86' lang='lat' dir='ltr'>perunt.</span> <span class='ocrx_word' id='word_1_132' title='bbox 589 3419 805 3504; x_wconf 86' lang='lat' dir='ltr'>Quapropter</span> <span class='ocrx_word' id='word_1_133' title='bbox 819 3441 953 3491; x_wconf 86' lang='lat' dir='ltr'>summa</span> <span class='ocrx_word' id='word_1_134' title='bbox 966 3421 1002 3490; x_wconf 91' lang='lat' dir='ltr'>in</span> <span class='ocrx_word' id='word_1_135' title='bbox 1017 3421 1140 3492; x_wconf 89' lang='lat' dir='ltr'>animis</span> <span class='ocrx_word' id='word_1_136' title='bbox 1154 3441 1273 3492; x_wconf 88' lang='lat' dir='ltr'>earum</span> <span class='ocrx_word' id='word_1_137' title='bbox 1296 3423 1439 3506; x_wconf 87' lang='lat' dir='ltr'>quaestio</span> 
     </span>
     <span class='ocr_line' id='line_1_23' title="bbox 433 3535 1437 3621; baseline 0.003 -12"><span class='ocrx_word' id='word_1_138' title='bbox 433 3536 661 3619; x_wconf 83' lang='lat' dir='ltr'>exoriebatur,</span> <span class='ocrx_word' id='word_1_139' title='bbox 677 3536 805 3620; x_wconf 88' lang='lat' dir='ltr'>diuque</span> <span class='ocrx_word' id='word_1_140' title='bbox 820 3535 1048 3620; x_wconf 81' lang='lat' dir='ltr'>deliberando,</span> <span class='ocrx_word' id='word_1_141' title='bbox 1073 3558 1142 3621; x_wconf 87' lang='lat' dir='ltr'>quo</span> <span class='ocrx_word' id='word_1_142' title='bbox 1167 3537 1316 3621; x_wconf 87' lang='lat' dir='ltr'>denique</span> <span class='ocrx_word' id='word_1_143' title='bbox 1335 3539 1437 3612; x_wconf 86' lang='lat' dir='ltr'>modo</span> 
     </span>
    </p>
   </div>
   <div class='ocr_carea' id='block_1_4' title="bbox 432 3719 1437 3870">
    <p class='ocr_par' dir='ltr' id='par_1_7' title="bbox 432 3719 1437 3870">
     <span class='ocr_line' id='line_1_24' title="bbox 534 3719 1437 3786; baseline 0.007 -14"><span class='ocrx_word' id='word_1_144' title='bbox 534 3722 559 3774; x_wconf 76' lang='lat'>4.</span> <span class='ocrx_word' id='word_1_145' title='bbox 575 3719 625 3773; x_wconf 79' lang='lat' dir='ltr'>Est</span> <span class='ocrx_word' id='word_1_146' title='bbox 635 3719 735 3786; x_wconf 80' lang='lat' dir='ltr'>puella,</span> <span class='ocrx_word' id='word_1_147' title='bbox 748 3731 811 3784; x_wconf 73' lang='lat' dir='ltr'>que</span> <span class='ocrx_word' id='word_1_148' title='bbox 823 3735 881 3774; x_wconf 85' lang='lat' dir='ltr'>noo</span> <span class='ocrx_word' id='word_1_149' title='bbox 893 3735 971 3773; x_wconf 81' lang='lat' dir='ltr'>suem</span> <span class='ocrx_word' id='word_1_150' title='bbox 983 3725 1109 3782; x_wconf 84' lang='lat' dir='ltr'>matrem,</span> <span class='ocrx_word' id='word_1_151' title='bbox 1122 3721 1170 3776; x_wconf 83' lang='lat' dir='ltr'>oerl</span> <span class='ocrx_word' id='word_1_152' title='bbox 1183 3723 1376 3786; x_wconf 79' lang='lat' dir='ltr'>adventitiam,</span> <span class='ocrx_word' id='word_1_153' title='bbox 1389 3739 1437 3778; x_wconf 89' lang='lat' dir='ltr'>no·</span> 
     </span>
     <span class='ocr_line' id='line_1_25' title="bbox 432 3803 1041 3870; baseline 0 -12"><span class='ocrx_word' id='word_1_154' title='bbox 432 3819 541 3858; x_wconf 81' lang='lat' dir='ltr'>versam</span> <span class='ocrx_word' id='word_1_155' title='bbox 554 3803 646 3866; x_wconf 79' lang='lat' dir='ltr'>habet,</span> <span class='ocrx_word' id='word_1_156' title='bbox 659 3803 746 3870; x_wconf 78' lang='lat' dir='ltr'>petris</span> <span class='ocrx_word' id='word_1_157' title='bbox 759 3803 908 3857; x_wconf 67' lang='lat' dir='ltr'>mundam</span> <span class='ocrx_word' id='word_1_158' title='bbox 920 3819 1041 3858; x_wconf 87' lang='lat' dir='ltr'>uxorem.</span> 
     </span>
    </p>
   </div>
   <div class='ocr_carea' id='block_1_5' title="bbox 533 3885 1405 4037">
    <p class='ocr_par' dir='ltr' id='par_1_8' title="bbox 533 3885 1405 4037">
     <span class='ocr_line' id='line_1_26' title="bbox 533 3885 1405 3956; baseline 0.007 -16"><span class='ocrx_word' id='word_1_159' title='bbox 533 3887 558 3941; x_wconf 84' lang='grc'>5.</span> <span class='ocrx_word' id='word_1_160' title='bbox 576 3885 794 3951; x_wconf 77' lang='lat' dir='ltr'>Votoromonto,</span> <span class='ocrx_word' id='word_1_161' title='bbox 810 3901 919 3951; x_wconf 70' lang='lat' dir='ltr'>orum,</span> <span class='ocrx_word' id='word_1_162' title='bbox 938 3893 1031 3942; x_wconf 78' lang='lat' dir='ltr'>restes</span> <span class='ocrx_word' id='word_1_163' title='bbox 1042 3889 1173 3956; x_wconf 75' lang='lat' dir='ltr'>melque,</span> <span class='ocrx_word' id='word_1_164' title='bbox 1184 3890 1267 3954; x_wconf 76' lang='lat' dir='ltr'>tritae,</span> <span class='ocrx_word' id='word_1_165' title='bbox 1280 3891 1405 3946; x_wconf 76' lang='lat' dir='ltr'>sordidae.</span> 
     </span>
     <span class='ocr_line' id='line_1_27' title="bbox 533 3969 937 4037; baseline 0 -14"><span class='ocrx_word' id='word_1_166' title='bbox 533 3970 557 4023; x_wconf 86' lang='grc'>6.</span> <span class='ocrx_word' id='word_1_167' title='bbox 575 3969 674 4034; x_wconf 86' lang='lat' dir='ltr'>blulto,</span> <span class='ocrx_word' id='word_1_168' title='bbox 691 3969 774 4037; x_wconf 75' lang='lat' dir='ltr'>longe</span> <span class='ocrx_word' id='word_1_169' title='bbox 786 3969 937 4036; x_wconf 83' lang='lat' dir='ltr'>pulebrlor.</span> 
     </span>
    </p>
   </div>
   <div class='ocr_carea' id='block_1_6' title="bbox 434 4049 1439 4208">
    <p class='ocr_par' dir='ltr' id='par_1_9' title="bbox 434 4049 1439 4208">
     <span class='ocr_line' id='line_1_28' title="bbox 525 4049 1439 4192; baseline 0.003 -84"><span class='ocrx_word' id='word_1_170' title='bbox 525 4053 558 4192; x_wconf 88' lang='grc' dir='ltr'>Ι7.</span> <span class='ocrx_word' id='word_1_171' title='bbox 572 4049 724 4118; x_wconf 68' lang='lat' dir='ltr'>eorrectio,</span> <span class='ocrx_word' id='word_1_172' title='bbox 748 4067 856 4118; x_wconf 70' lang='lat' dir='ltr'>crum,</span> <span class='ocrx_word' id='word_1_173' title='bbox 873 4053 981 4108; x_wconf 77' lang='lat' dir='ltr'>occulo</span> <span class='ocrx_word' id='word_1_174' title='bbox 1001 4051 1147 4119; x_wconf 70' lang='lat' dir='ltr'>bollandi,</span> <span class='ocrx_word' id='word_1_175' title='bbox 1173 4055 1301 4120; x_wconf 70' lang='lat' dir='ltr'>saltandi,</span> <span class='ocrx_word' id='word_1_176' title='bbox 1324 4057 1439 4112; x_wconf 81' lang='lat' dir='ltr'>choreas</span> 
     </span>
     <span class='ocr_line' id='line_1_29' title="bbox 434 4139 544 4208; baseline -0.009 -15"><span class='ocrx_word' id='word_1_177' title='bbox 434 4139 524 4208; x_wconf 69' lang='lat' dir='ltr'>agend</span> <span class='ocrx_word' id='word_1_178' title='bbox 537 4177 544 4192; x_wconf 93' lang='lat'><strong><em>.</em></strong></span> 
     </span>
    </p>
   </div>
   <div class='ocr_carea' id='block_1_7' title="bbox 0 0 1774 5156">
    <p class='ocr_par' dir='ltr' id='par_1_10' title="bbox 0 0 1774 5156">
     <span class='ocr_line' id='line_1_30' title="bbox 0 0 1774 5156; baseline 0 0"><span class='ocrx_word' id='word_1_179' title='bbox 0 0 1774 5156; x_wconf 95' lang='lat' dir='ltr'> </span> 
     </span>
    </p>
   </div>
  </div>
 </body>
</html>
