3522 5156
747 969 939 1025 c1u1scu1n
1301 954 1344 1025 37

426 1134 501 1206 “lta
515 1137 680 1220 profectu
691 1136 745 1208 his
758 1144 875 1209 tamen
890 1137 1137 1209 veteramentis
1150 1159 1207 1208 me
1218 1159 1258 1208 eo
1269 1159 1347 1208 con·

340 1253 433 1324 ferre
446 1254 612 1337 nequeo‚”
628 1255 737 1325 refert
752 1254 931 1326 Ciniscula.

425 1370 472 1440 At
487 1370 542 1441 dia
556 1370 640 1441 nihil
666 1371 730 1442 nisi
757 1379 970 1443 contrectare
996 1372 1143 1444 debebat
1168 1373 1252 1443 trita
1272 1371 1347 1443 eius

340 1487 552 1571 indumenta,
568 1508 686 1571 quum,
702 1510 790 1572 ecce,
811 1510 853 1560 ea
873 1489 909 1560 in
930 1490 1053 1560 stolum
1078 1511 1163 1560 auro
1188 1495 1347 1573 argento

341 1627 410 1690 que
424 1612 556 1676 textum
571 1627 672 1678 versa
686 1613 778 1689 sunt,
792 1607 938 1691 gemmis
963 1607 1119 1692 pretiosis
1141 1607 1346 1690 fulgentem.

341 1721 471 1794 Dehinc
485 1723 559 1807 ipsa
582 1723 801 1795 nitidissimos
826 1724 935 1795 soleas
960 1725 1098 1807 vitreas,
1126 1723 1251 1809 quibus
1274 1721 1348 1806 pul·

339 1839 490 1911 chriores
503 1862 684 1926 nunquam
698 1841 782 1912 visae
796 1848 888 1925 sunt,
903 1841 1082 1913 Cinisculae
1091 1839 1242 1923 tradidit,
1257 1861 1347 1910 earn

340 1977 409 2040 que
422 1957 471 2028 sic
483 1958 686 2030 adornatam
701 1959 843 2029 rhedam
857 1959 1083 2030 conscendere
1097 1957 1206 2030 iussit.

424 2089 723 2176 “Verumtamen’'
737 2093 899 2164 monebat
908 2093 1068 2177 matrina,
1079 2091 1197 2164 “dabis
1206 2113 1347 2176 operam

339 2216 381 2280 ut
395 2209 510 2279 sulm
524 2209 747 2281 ballistiorum
761 2219 843 2281 ante
857 2210 1004 2282 mediam
1018 2217 1155 2282 noctem
1165 2206 1346 2295 relinques?

338 2329 381 2398 ed
394 2327 488 2397 enirn
501 2327 586 2398 hort
600 2328 761 2398 futurum
776 2336 830 2399 est
843 2335 885 2398 ut
899 2328 1005 2399 rheda
1018 2335 1081 2400 tua
1103 2329 1139 2399 in
1164 2331 1345 2412 peponem,

337 2445 416 2529 equi
431 2445 467 2515 in
482 2465 607 2528 mures,
628 2445 836 2531 pedisequus
848 2445 885 2516 in
900 2447 1072 2529 lacertam
1095 2446 1218 2530 auriga
1231 2446 1267 2516 in
1281 2445 1345 2530 gli·

337 2583 422 2646 rem,
447 2570 532 2634 tuus
555 2570 674 2634 autem
695 2571 839 2635 ornatus
864 2564 992 2636 iterum
1017 2565 1052 2634 in
1075 2564 1189 2648 priora
1211 2569 1346 2634 vetera·

340 2687 458 2751 menta
478 2681 756 2751 convertantur.”

425 2797 595 2868 Cinisculn
614 2797 774 2868 matrinae
797 2819 870 2868 suae
884 2804 985 2882 grata
998 2798 1181 2883 spopondit
1205 2820 1242 2869 se
1263 2804 1344 2868 ante

338 2914 487 2985 mediam
509 2922 646 2986 noctem
671 2914 737 2986 rite
762 2936 989 2999 reversuram,
1013 2937 1053 2986 ac
1074 2916 1152 2987 dein
1166 2916 1293 3000 gaudio
1308 2924 1345 2988 et

338 3030 502 3102 felicitate
517 3039 656 3102 tumens
670 3031 837 3116 palatium
858 3054 979 3104 versus
1002 3033 1155 3104 discessit
1180 3035 1341 3106 tolutim²¹

339 3153 450 3219 vecta.

422 3265 538 3349 Quum
562 3265 670 3349 Regio
696 3265 806 3337 ΕΝ
830 3267 1029 3338 nuntiatum
1054 3275 1144 3339 esset
1167 3268 1343 3353 quandem

438 3533 479 3588 21.
496 3533 567 3602 Equi
579 3549 663 3602 quum
676 3535 795 3589 maxime
813 3542 935 3599 emunt,
955 3534 1186 3606 puadwpodnro
1205 3537 1341 3602 dicuntur,

337 3631 423 3685 quum
435 3617 609 3680 moderatius,
622 3632 760 3683 maworn·
772 3635 855 3688 quum
868 3619 985 3688 denique
997 3621 1107 3683 lentius,
1121 3619 1239 3676 tolutim
1250 3622 1342 3676 dicun·

337 3707 384 3755 tur
396 3701 472 3756 ferri.

439 3786 480 3838 22
492 3784 608 3839 Romsni
619 3785 692 3839 filios
703 3801 799 3852 regum
810 3791 893 3854 atque
904 3787 1096 3854 imperatorum
1107 3789 1190 3842 nuliis
1200 3789 1342 3844 vocubulis

338 3867 530 3922 distinxerunt
541 3867 593 3921 Per
605 3884 705 3922 nomen
716 3867 878 3936 principis,
899 3875 957 3924 tem
975 3877 1066 3937 putres
1083 3877 1112 3926 ct
1132 3878 1241 3935 menes
1258 3888 1342 3941 quem

338 3950 410 4004 filios
422 3965 455 4004 sc
468 3951 540 4004 filiu
551 3967 628 4018 aque
640 3951 842 4006 intellexerunt.
859 3952 947 4007 Medio
963 3959 1071 4008 tantm
1089 3953 1160 4008 AEvo
1181 3957 1341 4023 inceperunt

337 4049 372 4088 ex
384 4033 467 4088 titulo
480 4031 625 4102 Princeps
638 4033 817 4100 Iuvmute's,
834 4036 919 4103 ipsius
936 4036 1080 4090 &unioni
1097 4039 1222 4105 Augusti,
1240 4055 1342 4092 succes·

338 4132 492 4184 amnique,
504 4133 560 4170 non
577 4117 645 4172 adeo
661 4117 767 4181 Latine,
784 4135 866 4188 quam
883 4119 986 4186 linguis
1002 4119 1139 4184 derivatis,
1156 4122 1228 4176 filios
1245 4123 1342 4190 princi·

336 4215 404 4268 pum
415 4199 515 4268 prim,
530 4200 683 4270 mmm,
699 4203 880 4270 prinsipissss,
893 4203 1019 4258 foeminio
1030 4219 1137 4270 genere,
1148 4205 1281 4268 dictitare,
1299 4205 1341 4260 uti
