3522 5156
577 973 847 1029 *euncnnrnrno
869 973 1072 1030 consonus
1288 959 1331 1031 51

415 1139 541 1224 “Heus,
557 1141 756 1212 muliercula
769 1141 890 1225 bona‚''
915 1143 1045 1214 affatur
1070 1167 1147 1216 eam
1173 1149 1332 1231 puellula,

331 1259 516 1345 “quidnam
530 1259 585 1329 hic
600 1260 748 1342 agitasl''

414 1392 520 1476 “Nco,
535 1413 613 1462 mea
626 1391 779 1475 dilecta,”
793 1393 969 1476 respondit
990 1416 1086 1478 anus,
1112 1396 1232 1480 ignara
1253 1419 1331 1482 quae

331 1511 481 1596 puellula
496 1531 537 1580 ea
551 1516 650 1580 esset.

414 1644 465 1715 “0
496 1665 600 1728 quam
629 1643 831 1726 praeclarum
860 1651 913 1715 est
922 1644 951 1713 !”
981 1647 1200 1729 prosequitur
1225 1647 1332 1732 Regia

332 1765 425 1836 Filia.
439 1761 506 1832 “Et
521 1782 670 1845 quonam
684 1759 784 1830 modo
799 1761 834 1831 id
848 1761 939 1844 agis?
965 1761 1043 1832 Sine
1059 1770 1100 1832 ut
1114 1785 1180 1846 ego
1195 1785 1332 1849 quoque

330 1881 365 1953 id
379 1886 521 1961 tentem,
537 1885 656 1948 utrum
670 1877 761 1947 idem
774 1877 889 1948 facere
904 1878 1062 1960 possim.”

414 2013 526 2084 Sumit
540 2012 656 2094 itaque
670 2011 799 2094 lusum,
815 2011 875 2081 sed
890 2033 997 2095 quum
1012 2011 1075 2081 hoc
1085 2034 1236 2097 praeceps
1246 2013 1333 2097 egis·

331 2144 393 2216 set,
408 2131 590 2213 minusque
605 2135 708 2198 cauta
722 2163 764 2172 -
778 2135 945 2212 praeterea
966 2129 1131 2212 quidquid
1146 2129 1203 2200 dia
1216 2131 1334 2202 vatici·

330 2258 589 2332 natur‚necesse
602 2251 656 2315 est
669 2245 807 2315 evenire
822 2279 862 2290 -
877 2244 1024 2328 digitum
1040 2265 1081 2315 eo
1095 2247 1245 2330 scarifat,
1255 2269 1333 2332 pro-

328 2369 490 2450 tinusque
502 2365 732 2433 intermortua
747 2361 902 2432 concidit.
925 2363 1022 2433 Anus
1047 2363 1231 2435 admodum
1255 2387 1334 2436 con·

330 2485 451 2556 territa
465 2489 528 2564 est,
542 2500 711 2563 opemque
737 2479 943 2550 clamitando
965 2479 1146 2564 flagitavit.
1168 2481 1332 2554 Homines

330 2603 483 2685 undique
497 2605 715 2680 concurrunt,
731 2597 853 2680 aliquis
874 2598 1012 2668 vultum
1026 2597 1101 2668 eius
1114 2603 1205 2682 aqua
1220 2621 1332 2685 asper-

328 2721 390 2805 git,
405 2719 492 2789 alius
506 2723 621 2787 vestes
635 2715 710 2786 eius
724 2713 835 2797 solvit,
851 2714 976 2785 tertius
990 2736 1113 2785 manus
1122 2715 1196 2786 eius
1206 2718 1332 2800 pulsat,

329 2837 455 2908 iterum
469 2835 556 2905 alius
569 2836 737 2915 tempora⁴
751 2831 826 2902 eius
840 2835 930 2915 aqua
944 2831 1135 2903 Coloniaca⁵
1150 2833 1332 2916 perfricat3

331 2960 456 3026 cuncta
469 2953 650 3032 incassum,
666 2956 843 3034 permanet
858 2949 1097 3020 intermortua.

418 3087 510 3158 Tum
525 3107 595 3168 rex,
611 3083 737 3155 auditis
750 3083 858 3166 novis,
872 3084 909 3152 in
925 3083 1055 3167 regiam
1070 3085 1224 3155 celeriter
1239 3085 1338 3168 redit,

330 3205 597 3287 recordaturque
611 3201 692 3272 dicti
713 3201 857 3283 diarum,
873 3208 909 3270 et
923 3222 1030 3284 quum
1054 3201 1275 3274 intellexisset
1300 3203 1335 3273 id

330 3323 422 3409 quod
437 3322 502 3393 dire
516 3319 679 3392 dixissent
693 3318 883 3389 necessario
898 3318 1046 3402 evenire,
1061 3317 1164 3388 filiam
1185 3319 1222 3390 in
1245 3339 1330 3403 prce·

333 3439 581 3512 stantissimum
596 3437 688 3522 quod
703 3435 854 3507 habebat
868 3435 904 3504 in
920 3435 1015 3519 regia
1028 3435 1224 3507 cubiculum
1239 3437 1340 3507 deve-

333 3559 381 3642 hi,
396 3555 483 3629 etin
498 3557 635 3637 lectum,
651 3553 815 3625 lodicibus
839 3553 1122 3636 lectistemiisquc
1139 3575 1222 3624 auro
1237 3561 1272 3623 et
1288 3574 1340 3624 ar·

329 3683 434 3762 gento
449 3673 616 3758 acupictis
631 3677 844 3742 constratum
860 3669 1014 3740 collocari
1035 3669 1144 3740 iussit.
1161 3671 1241 3754 Ipsa
1256 3691 1338 3740 vero

428 3961 453 4012 4.
468 3957 604 4026 Templo,
615 3955 695 4019 ‹rr-la,
707 3973 743 4018 n.,
756 3957 809 4009 dno
823 3957 909 4009 latera
920 3955 1025 4022 cepitis

430 4043 454 4095 5.
469 4039 592 4096 Comum
606 4038 788 4108 Ampiae,
801 4039 881 4092 modo
893 4039 969 4100 Cdln,
993 4039 1056 4092 urbs
1078 4044 1119 4092 eet
1138 4037 1299 4100 Germania,
1317 4053 1334 4092 a

330 4143 384 4263 gr:
378 4141 494 4263 1Ἀιιιὲιέιιιαειι
507 4125 591 4179 traxit
605 4123 764 4177 adcredens
776 4122 899 4190 quedam
911 4137 989 4189 aqua,
1002 4127 1168 4188 vocaturque
1176 4119 1266 4189 Aqua
1279 4119 1332 4176 Co·
