3554 5156
404 921 468 992 138
811 935 1002 991 craesum

405 1104 459 1176 sit.
474 1106 551 1187 Quo
565 1111 683 1176 tamen
699 1105 835 1188 longius
848 1103 967 1187 itabat,
982 1103 1132 1175 maximo
1145 1103 1273 1188 gaudio
1298 1103 1406 1174 anim·
1530 1177 1533 1182 A

404 1221 554 1293 advertit
569 1223 741 1293 sacculum
755 1242 858 1292 suum
880 1221 1073 1305 graviorem
1098 1221 1182 1304 fieri,
1206 1221 1347 1305 proinde
1368 1241 1405 1290 se

404 1339 520 1422 vertit,
534 1339 668 1422 iterque
681 1361 794 1421 suum,
808 1339 959 1408 fortuuae
979 1359 1052 1410 suae
1076 1339 1226 1409 multum
1246 1337 1404 1420 conlisus,

404 1454 546 1526 domum
561 1477 682 1527 versus
695 1454 811 1526 flectit.

489 1573 619 1644 Eodem
632 1574 706 1644 fere
721 1581 875 1656 tempore
890 1572 1030 1643 domum
1043 1573 1170 1656 attigit
1197 1594 1266 1657 quo
1280 1575 1408 1644 fratres

405 1689 459 1760 sui
485 1691 581 1774 equis
605 1690 830 1773 curribusque
855 1689 984 1760 omatis
1007 1712 1047 1760 eo
1069 1697 1311 1774 pervenerunt.
1333 1689 1407 1760 Rex

405 1827 511 1878 senex
534 1807 611 1877 filiis
636 1807 706 1878 suis
731 1807 914 1878 reducibus
935 1827 1142 1890 magnopere
1172 1807 1314 1891 gavisus
1344 1813 1409 1888 est,

405 1924 626 2007 detractoque
640 1924 682 1995 de
697 1924 805 2007 digito
819 1924 947 1995 annulo
961 1945 1077 2006 aureo,
1098 1923 1244 2008 experiri
1258 1925 1408 2009 perrexit

406 2041 638 2124 quisfilionrm
646 2041 773 2126 optime
780 2040 1188 2112 meritusessetlixomni
1196 2041 1293 2125 copia
1302 2063 1407 2126 quam

407 2158 476 2229 duo
490 2158 636 2230 maiores
658 2159 718 2228 filii
738 2166 1038 2242 coacervaverunt,
1063 2181 1108 2230 ne
1133 2181 1242 2230 unum
1267 2160 1406 2244 quidem

406 2277 629 2346 convolutum
643 2277 722 2346 telae
735 2275 978 2359 reperiebatur,
999 2275 1098 2347 cuius
1112 2276 1169 2347 vel
1183 2275 1315 2346 decima
1328 2297 1408 2360 pars

406 2413 468 2476 per
482 2392 649 2463 armulum
664 2393 797 2464 traduci
811 2399 935 2477 posset.
957 2391 1041 2463 Haec
1061 2409 1118 2464 res
1142 2414 1201 2464 eos
1224 2393 1408 2464 admodum

407 2507 550 2592 puduit;
572 2530 652 2578 nam
677 2510 822 2579 fratrem
847 2509 1026 2578 minimum
1040 2530 1109 2579 non
1123 2531 1246 2593 pamm
1261 2509 1409 2580 ludifica-

407 2632 545 2709 verunt‚
572 2624 681 2695 veluti
706 2626 763 2709 qui
788 2625 928 2696 domum
956 2646 994 2696 re
1023 2626 1152 2696 infecta
1180 2626 1338 2696 venisset
1361 2626 1408 2696 At

408 2749 538 2826 quanta
552 2748 626 2812 erat
641 2763 759 2813 eorum
773 2743 834 2825 ira,
848 2763 958 2825 quum
972 2763 1053 2813 eum
1067 2764 1087 2812 e
1102 2742 1235 2812 sacculo
1249 2743 1409 2812 convolu-

408 2860 522 2930 tulum
536 2859 781 2943 producentem
795 2867 983 2942 cernerent,
999 2859 1091 2942 quod
1100 2860 1205 2929 telam
1216 2858 1408 2942 exhibebat,

409 2991 487 3062 quae
501 2998 564 3046 sua
577 2976 777 3060 subtilitate,
791 2976 930 3047 mollitie
951 2998 991 3046 ac
1014 2975 1266 3059 pulchritudine
1289 2976 1410 3048 millies

408 3093 593 3178 superabat
618 3100 742 3163 cuncta
756 3115 835 3178 quae
848 3094 872 3164 ii
886 3094 921 3163 in
936 3115 999 3164 sua
1023 3093 1098 3164 vita
1112 3092 1306 3176 indissent!
1326 3094 1411 3164 Tela

408 3211 500 3281 enim
514 3211 563 3280 ita
577 3217 652 3281 erat
667 3210 810 3294 subtilis,
823 3219 865 3281 ut
878 3211 1045 3281 annulum
1059 3210 1153 3280 nullo
1169 3210 1282 3281 labore
1298 3218 1409 3282 trans·

409 3329 493 3410 iret3
514 3328 594 3411 imo,
607 3329 773 3412 proiecto,
788 3328 868 3399 duae
888 3328 1053 3399 eiusmodi
1068 3329 1146 3398 telae
1160 3329 1326 3399 annulum
1350 3329 1410 3399 vix

408 3444 645 3530 explevissent
668 3443 771 3516 Pater
784 3446 1004 3515 fortrmatum
1018 3445 1160 3516 filiolum
1184 3447 1410 3529 amplexatus,

409 3561 602 3634 domesticis
616 3562 846 3645 demandavit,
861 3568 903 3632 ut
917 3568 1077 3632 caeteram
1092 3583 1228 3632 omnem
1249 3565 1353 3633 telam
1373 3563 1410 3632 in

410 3703 504 3752 mare
518 3681 713 3762 abicerent,
729 3680 807 3751 dein
821 3679 907 3750 filios
932 3679 979 3749 sic
1004 3686 1056 3750 est
1079 3680 1264 3750 allocutus:
1287 3679 1410 3751 “Nunc

410 3798 545 3870 abibitis
559 3806 601 3868 ut
615 3799 763 3869 alterum
777 3798 869 3882 quod
883 3797 981 3867 vobis
1001 3797 1131 3880 impero
1145 3819 1289 3882 pensum
1304 3799 1412 3868 solva·

412 3917 473 3987 tis:
495 3951 537 3962 -
551 3915 742 3986 caniculum
763 3915 848 3986 adeo
870 3915 1044 3985 minutum
1068 3915 1245 3986 vobiscum
1270 3915 1410 3986 domum

410 4034 541 4113 feretis,
556 4040 598 4103 ut
611 4033 640 4102 is
653 4033 689 4102 in
703 4033 881 4116 putamine
894 4033 993 4102 nucis
1005 4032 1180 4103 commode
1205 4032 1314 4102 iacere
1336 4053 1411 4116 pos-

413 4151 489 4220 sit.”
