<?xml version="1.0" encoding="UTF-8"?>
<!DOCTYPE html PUBLIC "-//W3C//DTD XHTML 1.0 Transitional//EN"
    "http://www.w3.org/TR/xhtml1/DTD/xhtml1-transitional.dtd">
<html xmlns="http://www.w3.org/1999/xhtml" xml:lang="en" lang="en">
 <head>
  <title>
</title>
<meta http-equiv="Content-Type" content="text/html;charset=utf-8" />
  <meta name='ocr-system' content='tesseract 3.04.00' />
  <meta name='ocr-capabilities' content='ocr_page ocr_carea ocr_par ocr_line ocrx_word'/>
</head>
<body>
  <div class='ocr_page' id='page_1' title='image "./fabuldivalesexn00apulgoog_0016.png"; bbox 0 0 3522 5156; ppageno 0'>
   <div class='ocr_carea' id='block_1_1' title="bbox 661 981 1348 1054">
    <p class='ocr_par' dir='ltr' id='par_1_1' title="bbox 661 981 1348 1054">
     <span class='ocr_line' id='line_1_1' title="bbox 661 981 1348 1054; baseline 0.006 -4"><span class='ocrx_word' id='word_1_1' title='bbox 661 996 832 1052; x_wconf 75' lang='lat' dir='ltr'><strong>nucunnn</strong></span> <span class='ocrx_word' id='word_1_2' title='bbox 857 996 1033 1051; x_wconf 77' lang='lat' dir='ltr'><strong>mnoonn</strong></span> <span class='ocrx_word' id='word_1_3' title='bbox 1327 981 1348 1054; x_wconf 82' lang='grc'>5</span> 
     </span>
    </p>
   </div>
   <div class='ocr_carea' id='block_1_2' title="bbox 344 1164 1350 1602">
    <p class='ocr_par' dir='ltr' id='par_1_2' title="bbox 344 1164 1350 1602">
     <span class='ocr_line' id='line_1_2' title="bbox 345 1164 1350 1250; baseline 0.002 -16"><span class='ocrx_word' id='word_1_4' title='bbox 345 1171 400 1234; x_wconf 86' lang='lat' dir='ltr'><strong>set</strong></span> <span class='ocrx_word' id='word_1_5' title='bbox 414 1185 450 1234; x_wconf 88' lang='lat' dir='ltr'><strong>se</strong></span> <span class='ocrx_word' id='word_1_6' title='bbox 463 1185 603 1248; x_wconf 89' lang='lat' dir='ltr'><strong>prorsus</strong></span> <span class='ocrx_word' id='word_1_7' title='bbox 617 1164 749 1236; x_wconf 88' lang='lat' dir='ltr'><strong>nullam</strong></span> <span class='ocrx_word' id='word_1_8' title='bbox 763 1171 873 1236; x_wconf 87' lang='lat' dir='ltr'><strong>artem</strong></span> <span class='ocrx_word' id='word_1_9' title='bbox 890 1186 1058 1249; x_wconf 85' lang='lat' dir='ltr'><strong>exercere,</strong></span> <span class='ocrx_word' id='word_1_10' title='bbox 1073 1186 1197 1250; x_wconf 82' lang='lat' dir='ltr'><strong>magus</strong></span> <span class='ocrx_word' id='word_1_11' title='bbox 1206 1186 1350 1250; x_wconf 87' lang='lat' dir='ltr'><strong>spopon-</strong></span> 
     </span>
     <span class='ocr_line' id='line_1_3' title="bbox 344 1279 1349 1368; baseline 0.004 -18"><span class='ocrx_word' id='word_1_12' title='bbox 344 1279 397 1350; x_wconf 90' lang='lat' dir='ltr'><strong>dit</strong></span> <span class='ocrx_word' id='word_1_13' title='bbox 412 1301 449 1350; x_wconf 91' lang='lat' dir='ltr'><strong>se</strong></span> <span class='ocrx_word' id='word_1_14' title='bbox 462 1280 641 1353; x_wconf 83' lang='lat' dir='ltr'><strong>iacturum</strong></span> <span class='ocrx_word' id='word_1_15' title='bbox 655 1289 696 1352; x_wconf 91' lang='lat' dir='ltr'><strong>ut</strong></span> <span class='ocrx_word' id='word_1_16' title='bbox 710 1304 797 1367; x_wconf 88' lang='lat' dir='ltr'><strong>puer</strong></span> <span class='ocrx_word' id='word_1_17' title='bbox 809 1283 846 1353; x_wconf 93' lang='lat' dir='ltr'><strong>in</strong></span> <span class='ocrx_word' id='word_1_18' title='bbox 861 1283 999 1368; x_wconf 87' lang='lat' dir='ltr'><strong>propria</strong></span> <span class='ocrx_word' id='word_1_19' title='bbox 1012 1283 1158 1354; x_wconf 81' lang='lat' dir='ltr'><strong>taberna</strong></span> <span class='ocrx_word' id='word_1_20' title='bbox 1179 1283 1349 1354; x_wconf 84' lang='lat' dir='ltr'><strong>instructa</strong></span> 
     </span>
     <span class='ocr_line' id='line_1_4' title="bbox 344 1396 1349 1484; baseline 0.001 -16"><span class='ocrx_word' id='word_1_21' title='bbox 344 1396 565 1469; x_wconf 86' lang='lat' dir='ltr'><strong>stabiliretur.</strong></span> <span class='ocrx_word' id='word_1_22' title='bbox 580 1399 653 1470; x_wconf 92' lang='lat' dir='ltr'><strong>Hoc</strong></span> <span class='ocrx_word' id='word_1_23' title='bbox 666 1400 840 1484; x_wconf 89' lang='lat' dir='ltr'><strong>proposito</strong></span> <span class='ocrx_word' id='word_1_24' title='bbox 854 1422 1001 1484; x_wconf 91' lang='lat' dir='ltr'><strong>puerum</strong></span> <span class='ocrx_word' id='word_1_25' title='bbox 1016 1401 1116 1472; x_wconf 91' lang='lat' dir='ltr'><strong>novis</strong></span> <span class='ocrx_word' id='word_1_26' title='bbox 1135 1399 1349 1472; x_wconf 83' lang='lat' dir='ltr'><strong>indumentis</strong></span> 
     </span>
     <span class='ocr_line' id='line_1_5' title="bbox 344 1513 1350 1602; baseline 0.006 -18"><span class='ocrx_word' id='word_1_27' title='bbox 344 1513 498 1599; x_wconf 88' lang='lat' dir='ltr'><strong>donavit,</strong></span> <span class='ocrx_word' id='word_1_28' title='bbox 512 1538 662 1601; x_wconf 86' lang='lat' dir='ltr'><strong>eumque</strong></span> <span class='ocrx_word' id='word_1_29' title='bbox 676 1517 713 1588; x_wconf 93' lang='lat' dir='ltr'><strong>in</strong></span> <span class='ocrx_word' id='word_1_30' title='bbox 728 1518 850 1589; x_wconf 89' lang='lat' dir='ltr'><strong>urbem</strong></span> <span class='ocrx_word' id='word_1_31' title='bbox 865 1540 983 1589; x_wconf 86' lang='lat' dir='ltr'><strong>secum</strong></span> <span class='ocrx_word' id='word_1_32' title='bbox 1006 1519 1176 1602; x_wconf 89' lang='lat' dir='ltr'><strong>comitem,</strong></span> <span class='ocrx_word' id='word_1_33' title='bbox 1200 1517 1245 1589; x_wconf 89' lang='lat' dir='ltr'><strong>ad</strong></span> <span class='ocrx_word' id='word_1_34' title='bbox 1265 1517 1350 1590; x_wconf 89' lang='lat' dir='ltr'><strong>alios</strong></span> 
     </span>
    </p>
   </div>
   <div class='ocr_carea' id='block_1_3' title="bbox 344 1635 1350 1837">
    <p class='ocr_par' dir='ltr' id='par_1_3' title="bbox 344 1635 1350 1837">
     <span class='ocr_line' id='line_1_6' title="bbox 347 1635 1350 1720; baseline 0.005 -19"><span class='ocrx_word' id='word_1_35' title='bbox 347 1640 554 1705; x_wconf 78' lang='lat' dir='ltr'><strong>mercatores</strong></span> <span class='ocrx_word' id='word_1_36' title='bbox 567 1635 828 1720; x_wconf 87' lang='lat' dir='ltr'><strong>conveniendos,</strong></span> <span class='ocrx_word' id='word_1_37' title='bbox 843 1635 996 1707; x_wconf 87' lang='lat' dir='ltr'><strong>deduxit.</strong></span> <span class='ocrx_word' id='word_1_38' title='bbox 1018 1636 1191 1708; x_wconf 79' lang='lat' dir='ltr'><strong>Praeterea</strong></span> <span class='ocrx_word' id='word_1_39' title='bbox 1205 1657 1286 1707; x_wconf 90' lang='lat' dir='ltr'><strong>eum</strong></span> <span class='ocrx_word' id='word_1_40' title='bbox 1300 1641 1350 1706; x_wconf 89' lang='lat' dir='ltr'><strong>et·</strong></span> 
     </span>
     <span class='ocr_line' id='line_1_7' title="bbox 344 1747 1350 1837; baseline 0.005 -19"><span class='ocrx_word' id='word_1_41' title='bbox 344 1747 416 1819; x_wconf 93' lang='lat' dir='ltr'><strong>iam</strong></span> <span class='ocrx_word' id='word_1_42' title='bbox 429 1749 465 1819; x_wconf 92' lang='lat' dir='ltr'><strong>in</strong></span> <span class='ocrx_word' id='word_1_43' title='bbox 480 1751 645 1823; x_wconf 90' lang='lat' dir='ltr'><strong>suburbia</strong></span> <span class='ocrx_word' id='word_1_44' title='bbox 654 1751 808 1836; x_wconf 86' lang='lat' dir='ltr'><strong>adduxit,</strong></span> <span class='ocrx_word' id='word_1_45' title='bbox 824 1761 865 1825; x_wconf 91' lang='lat' dir='ltr'><strong>ut</strong></span> <span class='ocrx_word' id='word_1_46' title='bbox 879 1753 1005 1824; x_wconf 90' lang='lat' dir='ltr'>ibidem</span> <span class='ocrx_word' id='word_1_47' title='bbox 1016 1753 1262 1837; x_wconf 87' lang='lat' dir='ltr'><strong>pulcherrimos</strong></span> <span class='ocrx_word' id='word_1_48' title='bbox 1272 1752 1350 1822; x_wconf 92' lang='lat' dir='ltr'><strong>hor·</strong></span> 
     </span>
    </p>
   </div>
   <div class='ocr_carea' id='block_1_4' title="bbox 345 1869 1351 2056">
    <p class='ocr_par' dir='ltr' id='par_1_4' title="bbox 345 1869 1351 2056">
     <span class='ocr_line' id='line_1_8' title="bbox 346 1869 1351 1956; baseline 0.005 -20"><span class='ocrx_word' id='word_1_49' title='bbox 346 1871 401 1936; x_wconf 91' lang='lat' dir='ltr'><strong>tos</strong></span> <span class='ocrx_word' id='word_1_50' title='bbox 413 1875 580 1951; x_wconf 89' lang='lat' dir='ltr'><strong>cerneret,</strong></span> <span class='ocrx_word' id='word_1_51' title='bbox 595 1891 635 1940; x_wconf 91' lang='lat' dir='ltr'><strong>ac</strong></span> <span class='ocrx_word' id='word_1_52' title='bbox 649 1870 859 1954; x_wconf 84' lang='lat' dir='ltr'><strong>pedetentim</strong></span> <span class='ocrx_word' id='word_1_53' title='bbox 888 1892 970 1942; x_wconf 90' lang='lat' dir='ltr'><strong>eum</strong></span> <span class='ocrx_word' id='word_1_54' title='bbox 993 1872 1112 1956; x_wconf 87' lang='lat' dir='ltr'><strong>procul</strong></span> <span class='ocrx_word' id='word_1_55' title='bbox 1127 1871 1171 1942; x_wconf 87' lang='lat' dir='ltr'><strong>ab</strong></span> <span class='ocrx_word' id='word_1_56' title='bbox 1186 1869 1272 1942; x_wconf 89' lang='lat' dir='ltr'><strong>urbe</strong></span> <span class='ocrx_word' id='word_1_57' title='bbox 1292 1869 1351 1941; x_wconf 87' lang='lat' dir='ltr'><strong>ab</strong></span> 
     </span>
     <span class='ocr_line' id='line_1_9' title="bbox 345 1982 457 2056; baseline 0.027 -3"><span class='ocrx_word' id='word_1_58' title='bbox 345 1982 457 2056; x_wconf 87' lang='lat' dir='ltr'><strong>duxit.</strong></span> 
     </span>
    </p>
   </div>
   <div class='ocr_carea' id='block_1_5' title="bbox 431 2119 1351 2206">
    <p class='ocr_par' dir='ltr' id='par_1_5' title="bbox 431 2119 1351 2206">
     <span class='ocr_line' id='line_1_10' title="bbox 431 2119 1351 2206; baseline 0.004 -16"><span class='ocrx_word' id='word_1_59' title='bbox 431 2119 587 2204; x_wconf 83' lang='lat' dir='ltr'><strong>Denique</strong></span> <span class='ocrx_word' id='word_1_60' title='bbox 602 2122 639 2192; x_wconf 95' lang='lat' dir='ltr'><strong>in</strong></span> <span class='ocrx_word' id='word_1_61' title='bbox 654 2123 788 2206; x_wconf 89' lang='lat' dir='ltr'><strong>vallem,</strong></span> <span class='ocrx_word' id='word_1_62' title='bbox 803 2123 991 2194; x_wconf 87' lang='lat' dir='ltr'><strong>mediocres</strong></span> <span class='ocrx_word' id='word_1_63' title='bbox 1014 2123 1105 2194; x_wconf 89' lang='lat' dir='ltr'><strong>inter</strong></span> <span class='ocrx_word' id='word_1_64' title='bbox 1129 2130 1265 2194; x_wconf 80' lang='lat' dir='ltr'><strong>montes</strong></span> <span class='ocrx_word' id='word_1_65' title='bbox 1284 2123 1351 2206; x_wconf 89' lang='lat' dir='ltr'><strong>syl·</strong></span> 
     </span>
    </p>
   </div>
   <div class='ocr_carea' id='block_1_6' title="bbox 344 2240 1349 2427">
    <p class='ocr_par' dir='ltr' id='par_1_6' title="bbox 344 2240 1349 2427">
     <span class='ocr_line' id='line_1_11' title="bbox 346 2240 1349 2324; baseline 0.003 -17"><span class='ocrx_word' id='word_1_66' title='bbox 346 2243 478 2308; x_wconf 78' lang='lat' dir='ltr'><strong>vestres</strong></span> <span class='ocrx_word' id='word_1_67' title='bbox 498 2245 674 2322; x_wconf 90' lang='lat' dir='ltr'><strong>patentem</strong></span> <span class='ocrx_word' id='word_1_68' title='bbox 695 2249 938 2324; x_wconf 88' lang='lat' dir='ltr'><strong>pervenerunt,</strong></span> <span class='ocrx_word' id='word_1_69' title='bbox 954 2241 1014 2312; x_wconf 93' lang='lat' dir='ltr'><strong>ubi</strong></span> <span class='ocrx_word' id='word_1_70' title='bbox 1027 2263 1153 2324; x_wconf 82' lang='lat' dir='ltr'><strong>magus</strong></span> <span class='ocrx_word' id='word_1_71' title='bbox 1176 2240 1349 2324; x_wconf 85' lang='lat' dir='ltr'><strong>ephebum</strong></span> 
     </span>
     <span class='ocr_line' id='line_1_12' title="bbox 344 2353 663 2427; baseline 0.009 -3"><span class='ocrx_word' id='word_1_72' title='bbox 344 2353 394 2425; x_wconf 89' lang='lat' dir='ltr'><strong>sic</strong></span> <span class='ocrx_word' id='word_1_73' title='bbox 408 2355 578 2427; x_wconf 86' lang='lat' dir='ltr'><strong>allocutus</strong></span> <span class='ocrx_word' id='word_1_74' title='bbox 593 2365 663 2427; x_wconf 84' lang='lat' dir='ltr'><strong>est:</strong></span> 
     </span>
    </p>
   </div>
   <div class='ocr_carea' id='block_1_7' title="bbox 342 2488 1346 2812">
    <p class='ocr_par' dir='ltr' id='par_1_7' title="bbox 342 2488 1346 2812">
     <span class='ocr_line' id='line_1_13' title="bbox 429 2488 1343 2576; baseline 0.001 -15"><span class='ocrx_word' id='word_1_75' title='bbox 429 2488 552 2561; x_wconf 89' lang='lat' dir='ltr'><strong>“Modo</strong></span> <span class='ocrx_word' id='word_1_76' title='bbox 564 2513 633 2562; x_wconf 90' lang='lat' dir='ltr'><strong>non</strong></span> <span class='ocrx_word' id='word_1_77' title='bbox 647 2491 784 2576; x_wconf 78' lang='lat' dir='ltr'><strong>longius</strong></span> <span class='ocrx_word' id='word_1_78' title='bbox 810 2492 1043 2576; x_wconf 79' lang='lat' dir='ltr'><strong>procedemus,</strong></span> <span class='ocrx_word' id='word_1_79' title='bbox 1059 2493 1188 2565; x_wconf 91' lang='lat' dir='ltr'><strong>sedhic</strong></span> <span class='ocrx_word' id='word_1_80' title='bbox 1203 2492 1266 2563; x_wconf 89' lang='lat' dir='ltr'><strong>tibi</strong></span> <span class='ocrx_word' id='word_1_81' title='bbox 1287 2491 1343 2563; x_wconf 90' lang='lat' dir='ltr'><strong>ali·</strong></span> 
     </span>
     <span class='ocr_line' id='line_1_14' title="bbox 343 2609 1346 2696; baseline 0.001 -16"><span class='ocrx_word' id='word_1_82' title='bbox 343 2609 430 2693; x_wconf 83' lang='lat' dir='ltr'><strong>quid</strong></span> <span class='ocrx_word' id='word_1_83' title='bbox 456 2609 533 2680; x_wconf 90' lang='lat' dir='ltr'><strong>miri</strong></span> <span class='ocrx_word' id='word_1_84' title='bbox 558 2611 747 2681; x_wconf 87' lang='lat' dir='ltr'><strong>ostendam.</strong></span> <span class='ocrx_word' id='word_1_85' title='bbox 773 2611 916 2682; x_wconf 91' lang='lat' dir='ltr'><strong>Interim</strong></span> <span class='ocrx_word' id='word_1_86' title='bbox 941 2632 1017 2696; x_wconf 78' lang='lat' dir='ltr'><strong>age,</strong></span> <span class='ocrx_word' id='word_1_87' title='bbox 1043 2634 1161 2696; x_wconf 75' lang='lat' dir='ltr'><strong>quaere</strong></span> <span class='ocrx_word' id='word_1_88' title='bbox 1176 2619 1212 2683; x_wconf 90' lang='lat' dir='ltr'><strong>et</strong></span> <span class='ocrx_word' id='word_1_89' title='bbox 1226 2609 1346 2694; x_wconf 79' lang='lat' dir='ltr'><strong>collige</strong></span> 
     </span>
     <span class='ocr_line' id='line_1_15' title="bbox 342 2727 1188 2812; baseline 0.001 -14"><span class='ocrx_word' id='word_1_90' title='bbox 342 2727 562 2811; x_wconf 87' lang='lat' dir='ltr'><strong>aliquantum</strong></span> <span class='ocrx_word' id='word_1_91' title='bbox 577 2729 753 2811; x_wconf 86' lang='lat' dir='ltr'><strong>sarmenti,</strong></span> <span class='ocrx_word' id='word_1_92' title='bbox 769 2735 805 2798; x_wconf 89' lang='lat' dir='ltr'><strong>et</strong></span> <span class='ocrx_word' id='word_1_93' title='bbox 818 2729 935 2812; x_wconf 78' lang='lat' dir='ltr'><strong>ignem</strong></span> <span class='ocrx_word' id='word_1_94' title='bbox 951 2729 1188 2800; x_wconf 89' lang='lat' dir='ltr'><strong>suscitemus.&#39;&#39;</strong></span> 
     </span>
    </p>
   </div>
   <div class='ocr_carea' id='block_1_8' title="bbox 341 2879 1349 3690">
    <p class='ocr_par' dir='ltr' id='par_1_8' title="bbox 343 2879 1349 3438">
     <span class='ocr_line' id='line_1_16' title="bbox 430 2879 1348 2965; baseline 0.001 -16"><span class='ocrx_word' id='word_1_95' title='bbox 430 2879 546 2963; x_wconf 90' lang='lat' dir='ltr'><strong>Quum</strong></span> <span class='ocrx_word' id='word_1_96' title='bbox 560 2880 652 2964; x_wconf 79' lang='lat' dir='ltr'><strong>ignis</strong></span> <span class='ocrx_word' id='word_1_97' title='bbox 665 2902 829 2952; x_wconf 89' lang='lat' dir='ltr'><strong>accensus</strong></span> <span class='ocrx_word' id='word_1_98' title='bbox 843 2889 928 2964; x_wconf 82' lang='lat' dir='ltr'><strong>erat,</strong></span> <span class='ocrx_word' id='word_1_99' title='bbox 953 2903 1079 2965; x_wconf 80' lang='lat' dir='ltr'><strong>magus</strong></span> <span class='ocrx_word' id='word_1_100' title='bbox 1101 2881 1229 2965; x_wconf 89' lang='lat' dir='ltr'><strong>aliquid</strong></span> <span class='ocrx_word' id='word_1_101' title='bbox 1255 2879 1348 2951; x_wconf 89' lang='lat' dir='ltr'><strong>suffi-</strong></span> 
     </span>
     <span class='ocr_line' id='line_1_17' title="bbox 344 2999 1347 3082; baseline -0.002 -13"><span class='ocrx_word' id='word_1_102' title='bbox 344 2999 453 3069; x_wconf 90' lang='lat' dir='ltr'><strong>menti</strong></span> <span class='ocrx_word' id='word_1_103' title='bbox 479 2999 707 3082; x_wconf 89' lang='lat' dir='ltr'><strong>superiniecit.</strong></span> <span class='ocrx_word' id='word_1_104' title='bbox 740 3000 825 3071; x_wconf 85' lang='lat' dir='ltr'><strong>Ater</strong></span> <span class='ocrx_word' id='word_1_105' title='bbox 853 2999 934 3070; x_wconf 92' lang='lat' dir='ltr'><strong>inde</strong></span> <span class='ocrx_word' id='word_1_106' title='bbox 963 3001 1083 3070; x_wconf 82' lang='lat' dir='ltr'><strong>fumus</strong></span> <span class='ocrx_word' id='word_1_107' title='bbox 1111 2999 1347 3080; x_wconf 78' lang='lat' dir='ltr'><strong>exoriebatu13</strong></span> 
     </span>
     <span class='ocr_line' id='line_1_18' title="bbox 344 3115 1347 3201; baseline -0.004 -13"><span class='ocrx_word' id='word_1_108' title='bbox 344 3125 421 3188; x_wconf 92' lang='lat' dir='ltr'><strong>tum</strong></span> <span class='ocrx_word' id='word_1_109' title='bbox 435 3118 566 3201; x_wconf 84' lang='lat' dir='ltr'><strong>aliquot</strong></span> <span class='ocrx_word' id='word_1_110' title='bbox 579 3119 686 3189; x_wconf 88' lang='lat' dir='ltr'><strong>verba</strong></span> <span class='ocrx_word' id='word_1_111' title='bbox 699 3118 820 3201; x_wconf 77' lang='lat' dir='ltr'><strong>ignota</strong></span> <span class='ocrx_word' id='word_1_112' title='bbox 833 3117 1011 3201; x_wconf 81' lang='lat' dir='ltr'><strong>mussitat3</strong></span> <span class='ocrx_word' id='word_1_113' title='bbox 1026 3125 1120 3188; x_wconf 86' lang='lat' dir='ltr'><strong>terra</strong></span> <span class='ocrx_word' id='word_1_114' title='bbox 1134 3124 1281 3187; x_wconf 91' lang='lat' dir='ltr'><strong>tremere</strong></span> <span class='ocrx_word' id='word_1_115' title='bbox 1296 3115 1347 3185; x_wconf 91' lang='lat' dir='ltr'><strong>in-</strong></span> 
     </span>
     <span class='ocr_line' id='line_1_19' title="bbox 343 3233 1349 3320; baseline -0.003 -14"><span class='ocrx_word' id='word_1_116' title='bbox 343 3235 436 3320; x_wconf 78' lang='lat' dir='ltr'><strong>cipit,</strong></span> <span class='ocrx_word' id='word_1_117' title='bbox 451 3235 494 3306; x_wconf 92' lang='lat' dir='ltr'><strong>ad</strong></span> <span class='ocrx_word' id='word_1_118' title='bbox 509 3234 615 3320; x_wconf 88' lang='lat' dir='ltr'><strong>pedes</strong></span> <span class='ocrx_word' id='word_1_119' title='bbox 626 3256 706 3306; x_wconf 91' lang='lat' dir='ltr'><strong>suos</strong></span> <span class='ocrx_word' id='word_1_120' title='bbox 720 3257 846 3318; x_wconf 80' lang='lat' dir='ltr'><strong>magno</strong></span> <span class='ocrx_word' id='word_1_121' title='bbox 870 3235 969 3307; x_wconf 87' lang='lat' dir='ltr'><strong>hiatu</strong></span> <span class='ocrx_word' id='word_1_122' title='bbox 993 3235 1166 3319; x_wconf 87' lang='lat' dir='ltr'><strong>panditur,</strong></span> <span class='ocrx_word' id='word_1_123' title='bbox 1188 3233 1349 3318; x_wconf 90' lang='lat' dir='ltr'><strong>lapidem·</strong></span> 
     </span>
     <span class='ocr_line' id='line_1_20' title="bbox 343 3353 1248 3438; baseline 0 -15"><span class='ocrx_word' id='word_1_124' title='bbox 343 3373 412 3437; x_wconf 85' lang='lat' dir='ltr'><strong>que</strong></span> <span class='ocrx_word' id='word_1_125' title='bbox 426 3354 577 3438; x_wconf 90' lang='lat' dir='ltr'><strong>planum,</strong></span> <span class='ocrx_word' id='word_1_126' title='bbox 592 3374 672 3424; x_wconf 90' lang='lat' dir='ltr'><strong>cum</strong></span> <span class='ocrx_word' id='word_1_127' title='bbox 685 3355 813 3424; x_wconf 89' lang='lat' dir='ltr'><strong>annulo</strong></span> <span class='ocrx_word' id='word_1_128' title='bbox 827 3375 917 3424; x_wconf 83' lang='lat' dir='ltr'><strong>aereo</strong></span> <span class='ocrx_word' id='word_1_129' title='bbox 931 3354 968 3424; x_wconf 90' lang='lat' dir='ltr'><strong>in</strong></span> <span class='ocrx_word' id='word_1_130' title='bbox 982 3353 1093 3424; x_wconf 90' lang='lat' dir='ltr'><strong>medio</strong></span> <span class='ocrx_word' id='word_1_131' title='bbox 1109 3354 1248 3424; x_wconf 85' lang='lat' dir='ltr'><strong>revelat</strong></span> 
     </span>
    </p>

    <p class='ocr_par' dir='ltr' id='par_1_9' title="bbox 341 3486 1348 3690">
     <span class='ocr_line' id='line_1_21' title="bbox 428 3486 1348 3572; baseline -0.002 -14"><span class='ocrx_word' id='word_1_132' title='bbox 428 3486 636 3558; x_wconf 85' lang='lat' dir='ltr'><strong>Aladdinum</strong></span> <span class='ocrx_word' id='word_1_133' title='bbox 650 3509 758 3571; x_wconf 87' lang='lat' dir='ltr'><strong>pavor</strong></span> <span class='ocrx_word' id='word_1_134' title='bbox 772 3487 821 3558; x_wconf 84' lang='lat' dir='ltr'><strong>ita</strong></span> <span class='ocrx_word' id='word_1_135' title='bbox 834 3487 990 3572; x_wconf 88' lang='lat' dir='ltr'><strong>perculit,</strong></span> <span class='ocrx_word' id='word_1_136' title='bbox 1015 3495 1057 3559; x_wconf 89' lang='lat' dir='ltr'><strong>ut</strong></span> <span class='ocrx_word' id='word_1_137' title='bbox 1080 3489 1250 3571; x_wconf 79' lang='lat' dir='ltr'><strong>aufugere</strong></span> <span class='ocrx_word' id='word_1_138' title='bbox 1274 3493 1348 3558; x_wconf 88' lang='lat' dir='ltr'><strong>ten·</strong></span> 
     </span>
     <span class='ocr_line' id='line_1_22' title="bbox 341 3603 1262 3690; baseline -0.001 -15"><span class='ocrx_word' id='word_1_139' title='bbox 341 3611 435 3676; x_wconf 88' lang='lat' dir='ltr'><strong>taret</strong></span> <span class='ocrx_word' id='word_1_140' title='bbox 443 3627 452 3688; x_wconf 95' lang='lat'>;</span> <span class='ocrx_word' id='word_1_141' title='bbox 474 3605 534 3676; x_wconf 86' lang='lat' dir='ltr'><strong>sed</strong></span> <span class='ocrx_word' id='word_1_142' title='bbox 550 3626 675 3690; x_wconf 74' lang='lat' dir='ltr'><strong>magus</strong></span> <span class='ocrx_word' id='word_1_143' title='bbox 690 3606 944 3690; x_wconf 90' lang='lat' dir='ltr'><strong>apprehensum</strong></span> <span class='ocrx_word' id='word_1_144' title='bbox 958 3626 1039 3676; x_wconf 89' lang='lat' dir='ltr'><strong>eum</strong></span> <span class='ocrx_word' id='word_1_145' title='bbox 1054 3603 1262 3676; x_wconf 86' lang='lat' dir='ltr'><strong>verberavit.</strong></span> 
     </span>
    </p>
   </div>
   <div class='ocr_carea' id='block_1_9' title="bbox 341 3735 1348 4177">
    <p class='ocr_par' dir='ltr' id='par_1_10' title="bbox 341 3735 1348 4177">
     <span class='ocr_line' id='line_1_23' title="bbox 426 3735 1345 3823; baseline -0.002 -13"><span class='ocrx_word' id='word_1_146' title='bbox 426 3739 514 3810; x_wconf 89' lang='lat' dir='ltr'><strong>“Hic</strong></span> <span class='ocrx_word' id='word_1_147' title='bbox 528 3739 714 3823; x_wconf 85' lang='lat' dir='ltr'><strong>manebis,”</strong></span> <span class='ocrx_word' id='word_1_148' title='bbox 737 3739 900 3811; x_wconf 88' lang='lat' dir='ltr'><strong>inclamat</strong></span> <span class='ocrx_word' id='word_1_149' title='bbox 924 3760 1005 3810; x_wconf 89' lang='lat' dir='ltr'><strong>eum</strong></span> <span class='ocrx_word' id='word_1_150' title='bbox 1030 3760 1164 3822; x_wconf 81' lang='lat' dir='ltr'><strong>magus.</strong></span> <span class='ocrx_word' id='word_1_151' title='bbox 1190 3735 1283 3809; x_wconf 85' lang='lat' dir='ltr'><strong>“Sub</strong></span> <span class='ocrx_word' id='word_1_152' title='bbox 1304 3759 1345 3808; x_wconf 92' lang='lat' dir='ltr'><strong>eo</strong></span> 
     </span>
     <span class='ocr_line' id='line_1_24' title="bbox 341 3854 1346 3941; baseline -0.004 -11"><span class='ocrx_word' id='word_1_153' title='bbox 341 3855 454 3941; x_wconf 88' lang='lat' dir='ltr'><strong>lapide</strong></span> <span class='ocrx_word' id='word_1_154' title='bbox 468 3857 592 3940; x_wconf 78' lang='lat' dir='ltr'><strong>ingens</strong></span> <span class='ocrx_word' id='word_1_155' title='bbox 605 3857 791 3928; x_wconf 79' lang='lat' dir='ltr'><strong>thesaurus</strong></span> <span class='ocrx_word' id='word_1_156' title='bbox 815 3857 957 3940; x_wconf 72' lang='lat' dir='ltr'><strong>celatim,</strong></span> <span class='ocrx_word' id='word_1_157' title='bbox 982 3855 1162 3928; x_wconf 91' lang='lat' dir='ltr'><strong>dimidium</strong></span> <span class='ocrx_word' id='word_1_158' title='bbox 1187 3854 1296 3938; x_wconf 89' lang='lat' dir='ltr'><strong>cuius,</strong></span> <span class='ocrx_word' id='word_1_159' title='bbox 1318 3854 1346 3926; x_wconf 91' lang='lat' dir='ltr'><strong>si</strong></span> 
     </span>
     <span class='ocr_line' id='line_1_25' title="bbox 342 3972 1348 4058; baseline -0.002 -12"><span class='ocrx_word' id='word_1_160' title='bbox 342 3973 425 4046; x_wconf 89' lang='lat' dir='ltr'><strong>mihi</strong></span> <span class='ocrx_word' id='word_1_161' title='bbox 440 3973 741 4058; x_wconf 85' lang='lat' dir='ltr'><strong>obtemperaveris,</strong></span> <span class='ocrx_word' id='word_1_162' title='bbox 755 3981 858 4045; x_wconf 91' lang='lat' dir='ltr'><strong>tuum</strong></span> <span class='ocrx_word' id='word_1_163' title='bbox 872 3974 949 4045; x_wconf 89' lang='lat' dir='ltr'><strong>erit.</strong></span> <span class='ocrx_word' id='word_1_164' title='bbox 964 3972 1144 4044; x_wconf 89' lang='lat' dir='ltr'><strong>Prehende</strong></span> <span class='ocrx_word' id='word_1_165' title='bbox 1160 3973 1278 4057; x_wconf 85' lang='lat' dir='ltr'><strong>itaque</strong></span> <span class='ocrx_word' id='word_1_166' title='bbox 1288 3993 1348 4044; x_wconf 90' lang='lat' dir='ltr'><strong>an·</strong></span> 
     </span>
     <span class='ocr_line' id='line_1_26' title="bbox 343 4091 903 4177; baseline -0.004 -13"><span class='ocrx_word' id='word_1_167' title='bbox 343 4093 476 4176; x_wconf 92' lang='lat' dir='ltr'><strong>nulum,</strong></span> <span class='ocrx_word' id='word_1_168' title='bbox 492 4092 707 4177; x_wconf 88' lang='lat' dir='ltr'><strong>lapidemque</strong></span> <span class='ocrx_word' id='word_1_169' title='bbox 721 4091 865 4164; x_wconf 87' lang='lat' dir='ltr'><strong>sublevo</strong></span> <span class='ocrx_word' id='word_1_170' title='bbox 874 4091 903 4162; x_wconf 85' lang='lat' dir='ltr'><strong>l&#39;’</strong></span> 
     </span>
    </p>
   </div>
   <div class='ocr_carea' id='block_1_10' title="bbox 429 4223 1348 4308">
    <p class='ocr_par' dir='ltr' id='par_1_11' title="bbox 429 4223 1348 4308">
     <span class='ocr_line' id='line_1_27' title="bbox 429 4223 1348 4308; baseline -0.004 -9"><span class='ocrx_word' id='word_1_171' title='bbox 429 4225 577 4299; x_wconf 84' lang='lat' dir='ltr'><strong>Aladdin</strong></span> <span class='ocrx_word' id='word_1_172' title='bbox 592 4227 683 4299; x_wconf 91' lang='lat' dir='ltr'><strong>dicto</strong></span> <span class='ocrx_word' id='word_1_173' title='bbox 698 4226 883 4299; x_wconf 87' lang='lat' dir='ltr'><strong>obsecutus</strong></span> <span class='ocrx_word' id='word_1_174' title='bbox 907 4233 1068 4308; x_wconf 90' lang='lat' dir='ltr'><strong>tremens,</strong></span> <span class='ocrx_word' id='word_1_175' title='bbox 1082 4246 1132 4308; x_wconf 88' lang='lat' dir='ltr'><strong>ac,</strong></span> <span class='ocrx_word' id='word_1_176' title='bbox 1146 4223 1282 4296; x_wconf 88' lang='lat' dir='ltr'><strong>sublato</strong></span> <span class='ocrx_word' id='word_1_177' title='bbox 1301 4224 1348 4294; x_wconf 90' lang='lat' dir='ltr'><strong>la·</strong></span> 
     </span>
    </p>
   </div>
   <div class='ocr_carea' id='block_1_11' title="bbox 0 0 1766 5156">
    <p class='ocr_par' dir='ltr' id='par_1_12' title="bbox 0 0 1766 5156">
     <span class='ocr_line' id='line_1_28' title="bbox 0 0 1766 5156; baseline 0 0"><span class='ocrx_word' id='word_1_178' title='bbox 0 0 1766 5156; x_wconf 95' lang='lat' dir='ltr'><strong> </strong></span> 
     </span>
    </p>
   </div>
  </div>
 </body>
</html>
