3540 5156
433 932 499 1003 206
769 943 875 999 aaron
895 941 941 996 rr
961 940 1099 996 esrom

436 1113 492 1188 rei
513 1113 586 1184 Diis
599 1111 715 1195 etiam,
728 1110 862 1194 ipsique
888 1109 960 1180 lovi
981 1106 1214 1179 formidabiles
1227 1129 1336 1192 aquas
1354 1113 1438 1186 istas

432 1231 585 1316 Stygias,
600 1231 656 1301 vel
670 1227 778 1300 fando
798 1225 1009 1310 comperisti?
1029 1225 1190 1309 quodque
1204 1248 1267 1297 vos
1280 1227 1439 1301 deieratis

434 1371 498 1434 per
511 1347 654 1419 numina
667 1347 829 1429 Deorum,
850 1345 939 1414 Deos
952 1364 1014 1426 per
1028 1341 1145 1428 Stygis
1158 1343 1373 1415 maiestatem
1386 1367 1438 1418 so·

433 1467 522 1539 lere?
544 1465 611 1538 Sed
624 1464 707 1536 cedo
721 1463 823 1534 istam
836 1461 997 1532 urnulam
1004 1459 1034 1530 !”

520 1583 566 1654 Et
579 1582 736 1666 protinus
749 1585 932 1662 arreptam,
943 1579 1214 1662 completamque
1224 1579 1440 1660 festinanter.

435 1701 637 1784 libratisque
651 1717 843 1783 pennarum
865 1695 1064 1767 nutantium
1086 1694 1242 1779 molibus,
1266 1697 1357 1768 inter
1380 1721 1438 1782 ge·

435 1841 500 1890 nas
514 1815 731 1890 saevientium
756 1813 922 1896 dentium,
936 1820 972 1883 et
986 1813 1125 1884 trisulca
1148 1813 1339 1886 vibramina
1364 1817 1438 1888 dra·

436 1959 573 2019 conum,
588 1933 770 2018 remigium
784 1932 906 2002 dextra
919 1932 1077 2014 laevaque
1089 1931 1277 2016 porrigens,
1286 1933 1441 2006 nolentes

436 2075 547 2138 aquas
560 2059 596 2122 et
611 2058 652 2122 ut
666 2049 777 2120 abiret
789 2049 998 2120 innoxius¹⁵⁴
1023 2056 1282 2133 praemonentes,
1304 2051 1440 2137 exeipit,

436 2175 663 2250 commentus,
679 2167 723 2236 ob
738 2166 869 2236 iussum
883 2164 1025 2235 Veneris
1039 2172 1166 2248 petere,
1192 2166 1292 2249 eique
1306 2189 1342 2238 se
1355 2189 1440 2252 prae·

436 2287 645 2369 ministrare;
667 2305 773 2368 quare
788 2283 901 2368 paullo
915 2281 1047 2352 facilior
1068 2281 1308 2354 adeundinnt
1333 2257 1438 2369 copia.

435 2405 492 2477 Sic
506 2409 681 2488 acoeptam
695 2423 775 2472 curn
789 2399 917 2484 gaudio
932 2399 1067 2482 plenam
1090 2420 1214 2469 umam
1229 2400 1360 2484 Psyche
1375 2403 1441 2472 Ve-

437 2521 513 2593 neri
528 2521 633 2591 citata
647 2517 775 2589 retulit.

521 2639 595 2709 Nec
608 2643 725 2706 tamen
740 2642 865 2706 nutum
880 2634 962 2705 Deae
976 2633 1148 2704 saevientis
1161 2633 1217 2703 vel
1231 2641 1316 2705 tnnc
1325 2637 1440 2720 expia·

437 2779 476 2828 re
489 2755 602 2840 potuit
611 2775 620 2836 ;
641 2773 723 2823 nam
737 2752 784 2823 sic
800 2773 886 2834 eam,
908 2751 1037 2821 maiora
1051 2757 1157 2834 atque
1171 2752 1288 2835 peiora
1309 2752 1441 2838 flagitia

435 2873 658 2955 comminans,
672 2871 821 2955 appellat
836 2867 996 2938 renidens
1009 2866 1179 2938 exitiabile
1189 2873 1209 2938 :¹
1217 2869 1246 2914 ⁵⁵

522 2987 617 3059 “Iam
631 2994 673 3057 tu
687 2985 826 3070 quidem
840 2984 967 3056 videris
981 3005 1083 3067 maga
1108 2984 1267 3068 quaedam
1290 2986 1385 3071 mihi,
1406 2995 1442 3059 et

436 3109 507 3179 alte
521 3127 662 3191 prorsus
675 3103 838 3187 malefica,
854 3123 933 3186 quae
946 3101 1074 3172 talibus
1094 3102 1273 3185 preceptis
1286 3103 1371 3174 meis
1385 3105 1443 3176 ob-

436 3222 638 3308 temperasti
651 3220 822 3306 gnaviter.
844 3218 911 3290 Sed
936 3217 1049 3288 adhuc
1073 3217 1175 3301 istud,
1201 3240 1278 3289 mea
1303 3223 1442 3305 pupula,

435 3341 633 3412 ministrare
646 3337 795 3409 debebis.
809 3335 914 3407 Sume
928 3335 1030 3405 istam
1045 3335 1225 3419 pyxidem”
1242 3371 1276 3381 -
1297 3343 1333 3406 et
1348 3337 1443 3409 dedit

435 3457 594 3544 protinus
608 3491 651 3502 -
664 3453 795 3538 “uspue
816 3453 859 3523 ad
874 3453 1019 3534 lnferos,
1035 3458 1071 3521 et
1085 3451 1192 3536 ipsius
1214 3452 1291 3523 Orci
1315 3454 1441 3526 ferales

434 3581 579 3660 penates
593 3579 630 3643 te
643 3571 761 3655 dirige.
788 3569 888 3641 Tunc
913 3570 1094 3640 conterens
1119 3569 1279 3652 pyxidem
1305 3571 1442 3644 Proser·

539 3757 596 3810 15⁴.
613 3755 679 3810 Sine
703 3754 822 3816 laesione,
846 3752 999 3814 incolumis,
1022 3752 1128 3816 salvem
1145 3751 1247 3818 excipit
1266 3751 1378 3820 aquilo,
1399 3771 1440 3810 re·

435 3841 559 3909 spondet,
573 3843 751 3899 commentus,
764 3837 899 3890 rationem
922 3833 1063 3902 allegans'3
1080 3835 1232 3888 mascrdino
1249 3851 1357 3902 genere,
1369 3839 1440 3906 qnod

435 3925 530 3994 nqnila
542 3929 603 3976 eret
614 3920 744 3974 numius
757 3920 838 3974 lovis

538 4006 596 4060 155.
612 4005 718 4059 Nomen
730 4003 895 4058 adieetivnm
908 4003 938 4056 in
951 4003 1131 4056 Accusatiro:
1147 4001 1283 4064 renidens,
1297 4004 1439 4060 subridens

433 4091 466 4146 in
477 4089 613 4158 Psychen
626 4085 685 4142 tola
702 4085 785 4155 quid,
805 4086 877 4154 qnod
897 4087 922 4139 ei
944 4085 1036 4148 exitio,
1059 4085 1192 4147 interitui,
1213 4086 1362 4151 perditioni
1380 4105 1440 4144 esse

435 4179 540 4242 posset.
