3518 5152
708 981 790 1038 rear
811 981 947 1038 occurs
1270 963 1333 1036 125

332 1175 446 1227 nesae
460 1153 573 1226 ioedas
587 1173 697 1237 sagas
718 1151 820 1223 Elisae
843 1171 949 1234 prope
974 1147 1018 1220 ed
1042 1168 1102 1220 eas
1126 1154 1335 1232 pretereun-

333 1272 417 1344 dum
431 1276 517 1354 erat,
532 1290 644 1354 quum
663 1289 827 1354 sagarum
849 1265 1022 1338 nonnulle
1046 1266 1163 1337 oculos
1175 1285 1257 1336 suos
1276 1285 1335 1335 ne·

334 1409 439 1474 quam
453 1387 489 1458 in
504 1408 581 1458 eam
595 1385 808 1468 defixerunt;
828 1403 951 1455 verum
971 1384 1047 1468 ipsa
1060 1403 1178 1468 preces
1190 1403 1271 1454 suas
1285 1401 1337 1453 re·

334 1507 445 1579 citans
458 1507 588 1579 urticas
599 1509 797 1589 pungentes
821 1500 1013 1586 colligebat,
1038 1501 1195 1572 collectos
1219 1521 1336 1572 mum

333 1624 370 1695 in
385 1624 551 1708 palatium
566 1620 765 1706 reportavit
788 1619 920 1691 Unicus
934 1624 1074 1691 tantum
1088 1617 1162 1689 eius
1176 1618 1226 1689 rei
1240 1617 1339 1688 testis

333 1743 460 1814 iuit-
475 1739 773 1824 Archiepiscopus;
794 1736 941 1821 isenim‚
961 1757 1071 1821 quum
1095 1735 1153 1807 alii
1177 1737 1338 1808 mortales

335 1859 562 1940 dormiebant,
575 1855 751 1940 vigilabat
773 1854 877 1926 Nunc
900 1853 969 1924 iam
994 1853 1133 1924 omnino
1155 1875 1340 1938 persuasus

335 1983 410 2048 erat
422 1973 552 2059 aliquid
565 1995 587 2044 a
599 1972 720 2057 regina
733 1992 803 2041 non
818 1969 923 2055 probe
934 1969 1027 2054 geri3
1049 1991 1125 2041 eam
1146 1992 1265 2056 sagam
1286 1995 1338 2046 es.

335 2115 372 2164 se
386 2099 555 2176 oportere,
570 2111 650 2174 quae
664 2086 928 2158 incantamentis
942 2093 979 2157 et
993 2108 1121 2171 regem,
1144 2096 1181 2160 et
1202 2091 1340 2164 univer·

336 2231 414 2281 sum
428 2207 603 2293 populum,
624 2203 840 2288 corrupisset

420 2324 603 2396 Occasione
622 2322 739 2406 itaque
769 2320 884 2392 oblata
910 2319 1194 2407 Archiepiscopus
1222 2323 1340 2398 docuit

337 2463 456 2528 regem
470 2440 554 2526 quid
568 2441 639 2524 ipse
653 2439 805 2522 vidisset,
819 2443 856 2508 et
870 2436 953 2522 quid
967 2437 1158 2510 verendum
1180 2448 1339 2527 putaret;

336 2583 447 2646 quum
459 2580 543 2631 vero
554 2565 680 2629 stature
696 2561 893 2628 sanctorum
909 2555 983 2626 haec
997 2556 1103 2627 verba
1117 2559 1291 2645 maledica,
1305 2562 1341 2632 in

338 2678 466 2762 templo
474 2676 616 2760 prolata,
624 2674 846 2756 audivissent,
857 2672 970 2757 capita
979 2673 1144 2746 feruntur
1151 2677 1343 2760 quamavis·

338 2817 385 2881 se,
400 2794 500 2880 quasi
512 2792 675 2876 dicerent,
690 2791 790 2864 “Non
801 2799 855 2864 est
869 2813 1003 2876 verum:
1014 2793 1105 2864 Elisa
1118 2793 1235 2866 insons
1248 2803 1301 2868 est
1311 2796 1340 2867 !”

339 2914 386 2984 At
400 2932 484 2983 vero
495 2909 779 2995 Archiepiscopus
791 2917 992 2994 portentum
1004 2910 1070 2982 hoc
1083 2931 1223 2996 prorsus
1242 2913 1342 2986 aliter

337 3031 585 3116 interpretatus
599 3035 668 3112 ost;
690 3027 726 3100 id
739 3027 972 3099 testimonium
986 3049 1060 3100 erse
1074 3031 1250 3104 contendit
1263 3054 1342 3105 ron·

339 3155 394 3219 tra
407 3169 494 3230 eam,
510 3167 618 3230 quum
632 3145 751 3228 sancti,
766 3145 893 3216 auditis
915 3147 1045 3231 reginae
1067 3147 1207 3234 delictis,
1230 3152 1342 3237 capita

339 3264 467 3348 singuli
481 3263 745 3348 quassavissent

424 3381 511 3452 Dure
524 3379 670 3451 maiores
684 3386 796 3464 guuae
810 3382 970 3465 lacrymae
983 3403 1044 3466 per
1058 3385 1165 3456 malas
1179 3386 1271 3471 regis
1285 3387 1342 3459 de·

339 3497 578 3571 volvebantur.
603 3496 870 3569 Dubitabundus
897 3498 1038 3571 domum
1066 3500 1200 3574 redivit
1232 3504 1342 3577 Nocte

341 3615 526 3688 subsecuta
554 3613 702 3685 dormire
726 3635 763 3686 se
788 3615 982 3700 simulabat,
1006 3615 1084 3688 licet
1109 3639 1342 3696 somnuseum

341 3732 533 3804 muneret.
548 3731 671 3816 ltaque
685 3731 930 3804 animadvertit
954 3733 1091 3819 Elisam,
1113 3756 1208 3808 more
1230 3759 1345 3824 suo,e

339 3852 428 3922 lecto
458 3869 602 3934 surgere
631 3849 774 3934 singtilis
801 3849 967 3933 noctibus,
995 3851 1068 3935 ipse
1092 3873 1175 3925 vero
1203 3857 1344 3939 perinde

344 4074 473 4188 ¹aeterum,
487 4072 545 4148 sut·
552 4067 683 4135 quidquid
704 4067 744 4148 ed·
759 4068 855 4134 pedem
876 4069 992 4135 sepulcri
1014 4069 1128 4137 erigitur
1144 4071 1237 4138 lignei,
1255 4075 1346 4140 ferrei,

343 4151 797 4268 ,mun
810 4141 1073 4256 urum
1085 4137 1347 4205 Μω-
