3554 5156
444 943 486 1013 80
679 955 1204 1020 emeinrrunonrounnnsru

444 1125 535 1196 mine
560 1127 666 1196 intrat
691 1146 884 1196 cavernam.
909 1124 1015 1194 Humi
1038 1129 1147 1194 strata
1168 1122 1301 1194 iacebat
1330 1123 1444 1194 Bestia

445 1242 583 1313 omnino
598 1249 707 1324 muta,
722 1263 862 1326 prorsus
876 1247 919 1311 ut
932 1261 1009 1311 eam
1024 1241 1059 1310 in
1073 1262 1193 1311 somno
1207 1240 1351 1310 viderat.

529 1359 653 1430 Facem
669 1360 775 1429 mittit
791 1381 810 1428 e
825 1380 940 1442 manu,
956 1379 1034 1441 quae
1047 1359 1083 1428 in
1098 1365 1191 1428 terra
1204 1357 1366 1428 hirritans
1379 1365 1446 1428 tre·

444 1477 539 1547 mula
553 1476 696 1547 ardebat
709 1476 858 1558 flamm,
873 1497 937 1545 nec
951 1481 1068 1545 tamen
1083 1482 1136 1546 est
1150 1475 1328 1546 exstincta.

530 1591 643 1662 Antea
657 1613 835 1675 nunquam
849 1599 902 1662 est
917 1612 1001 1662 ausa
1016 1591 1166 1661 Bestiam
1180 1597 1374 1674 attrectare,
1384 1591 1445 1662 sed

445 1732 537 1781 nunc
553 1730 675 1780 manus
690 1709 792 1792 capiti
806 1709 880 1779 eius
900 1707 1072 1792 imposuit,
1093 1730 1157 1778 nec
1180 1729 1303 1792 parum
1329 1708 1445 1779 cohor-

445 1828 515 1898 ruit
530 1849 639 1911 quum
653 1826 687 1895 id
702 1825 870 1910 frigidum
884 1847 958 1896 esse
979 1825 1095 1908 sensit,
1120 1826 1212 1896 unde
1237 1848 1380 1897 manum
1400 1826 1444 1898 ad

444 1966 503 2016 cor
530 1944 708 2026 permovit.
741 1943 778 2012 Id
803 1963 914 2026 usque
938 1943 1084 2026 pulsare,
1112 1942 1298 2013 admodum
1323 1943 1446 2015 leniter

444 2061 593 2146 quidem,
608 2060 667 2130 sed
682 2067 799 2130 tamen
813 2060 951 2142 pulsare
966 2059 1082 2130 sensit

527 2178 637 2260 Prope
650 2177 694 2246 ad
707 2177 902 2260 ingressum
916 2197 1074 2247 cavemae
1089 2183 1163 2247 erat
1178 2177 1267 2248 fons
1283 2178 1355 2248 Illic
1365 2200 1446 2262 pen·

444 2295 584 2367 dentem
599 2294 765 2378 scyphum
779 2315 924 2364 aureum
945 2296 1038 2376 aqua
1051 2293 1243 2378 complevit,
1259 2316 1328 2378 qua
1341 2303 1446 2380 caput

442 2413 568 2483 Bestiae
589 2411 788 2481 humectare
812 2412 973 2494 perrexit
1005 2409 1056 2480 Ea
1080 2418 1197 2480 tamen
1222 2410 1354 2482 iacebat
1383 2413 1446 2484 im·

449 2536 554 2600 mota.

528 2647 630 2716 Nunc
644 2642 867 2714 Pulchritudo
881 2643 916 2712 in
930 2643 1051 2713 fletum
1067 2643 1181 2728 erupit
1195 2644 1367 2716 acerbum.
1385 2645 1447 2731 “0,

444 2771 479 2834 te
495 2761 643 2844 obsecro,
658 2760 726 2830 noli
741 2760 858 2842 mori‚”
884 2759 1081 2830 clamitabat
1104 2761 1226 2844 puella
1251 2761 1446 2848 “Quidquid

445 2901 508 2965 pro
523 2878 655 2948 viribus
670 2877 806 2961 possim,
827 2877 963 2959 faciam,
980 2877 1008 2946 si
1023 2877 1124 2947 modo
1138 2886 1177 2948 tu
1192 2879 1322 2949 vivas.”

529 2995 644 3066 Bestia
659 3001 763 3078 caput
777 2995 970 3077 commovit,
986 2994 1045 3064 sed
1061 2994 1284 3066 Pulchritudo
1298 2997 1358 3066 vix
1368 2999 1446 3081 plus

446 3134 551 3198 quarn
577 3133 758 3182 susurrum
787 3111 862 3181 eius
885 3111 1053 3194 percepit:
1076 3109 1330 3197 ‘'Pulchritudo,
1351 3114 1448 3186 visne

451 3229 534 3300 mihi
549 3227 716 3299 nubere?”

530 3343 646 3428 “Volo,
661 3345 690 3414 si
704 3343 805 3415 modo
819 3351 860 3414 tu
875 3366 944 3414 non
964 3346 1151 3429 moriaris,”
1175 3348 1350 3430 respondit
1371 3349 1449 3420 Pul·

448 3461 615 3534 chritudo.

531 3577 603 3648 Fax
611 3579 647 3647 in
657 3579 728 3648 solo
738 3579 895 3648 ultimam
906 3579 1079 3650 flammam
1090 3579 1257 3652 eiaculata
1265 3590 1319 3653 est
1326 3583 1449 3667 iacens,

447 3704 524 3768 turn
538 3696 690 3766 extincta
704 3703 766 3766 est.
782 3695 933 3766 Antrum
954 3696 1154 3767 densissima
1176 3698 1287 3782 caligo
1310 3698 1450 3772 obtexit

447 3812 670 3883 Pulchritudo
683 3812 782 3882 iuxta
797 3813 882 3883 sein
898 3813 969 3883 solo
994 3813 1122 3897 aliquid
1145 3815 1276 3886 moveri
1301 3817 1452 3889 animad-

446 3929 563 4012 vertit,
578 3949 746 4012 suamque
769 3951 911 4000 manum
925 3931 970 4001 ab
983 3931 1098 4014 aliquo
1120 3932 1295 4015 prehendi.
1318 3934 1365 4004 At
1379 3957 1450 4006 ma-

448 4067 533 4117 num
547 4067 623 4116 eam
637 4047 825 4117 humanam
840 4068 913 4118 esse
928 4047 1044 4130 sensit,
1059 4071 1128 4118 non
1150 4051 1300 4134 ungulas
1315 4051 1449 4123 Bestia

534 4162 640 4248 “Quis
653 4171 694 4234 tu
710 4165 787 4236 es?”
802 4163 929 4235 clamat
941 4165 1015 4249 ipsa
1028 4165 1219 4249 perterrita
