3554 5156
419 935 482 1006 134
823 949 1015 1005 emaum

416 1138 480 1189 nec
495 1117 685 1202 pecuniam,
700 1119 770 1201 qui
783 1116 863 1188 filiae
877 1138 950 1188 suae
965 1117 1116 1200 quotidie
1140 1137 1257 1188 cerasa
1271 1123 1424 1197 emeret;

416 1255 466 1318 ac,
482 1241 665 1318 postremo,
679 1235 796 1304 nullus
810 1233 898 1304 alius
912 1232 1131 1318 comparandi
1144 1239 1324 1318 supererat
1348 1254 1419 1304 mo

417 1351 492 1435 dus,
517 1351 582 1422 nisi
606 1357 648 1421 ut
671 1351 746 1435 ipsa
768 1372 900 1422 nonnas
925 1350 1036 1421 adiret
1050 1350 1191 1434 vicinas,
1206 1371 1285 1434 quae
1298 1349 1425 1434 spatio-

418 1489 495 1538 sum
510 1468 683 1539 habebant
696 1467 888 1551 pomarium
913 1468 1097 1552 attiguum,
1121 1475 1157 1537 et
1181 1468 1225 1538 ab
1251 1467 1317 1538 illis
1341 1487 1421 1552 quae

417 1591 532 1668 posset
547 1585 676 1669 optima
690 1583 913 1668 efflagitaret3
934 1583 1099 1655 nimirum
1112 1584 1217 1654 filiam
1232 1591 1330 1654 extro
1343 1583 1424 1653 mit-

417 1708 491 1771 tere
516 1723 586 1771 non
611 1701 769 1784 audebat,
793 1701 868 1785 ipsa
892 1701 985 1770 enim
1010 1701 1095 1772 adeo
1118 1707 1193 1771 erat
1213 1701 1425 1784 pulchram

416 1825 537 1901 mater,
551 1817 689 1902 nequod
703 1818 839 1900 facinus
852 1817 900 1888 illi
914 1818 1092 1901 accideret,
1107 1819 1215 1888 satius
1229 1817 1329 1888 duxit
1344 1839 1425 1888 eam

416 1935 508 2005 domi
522 1935 707 2018 continere,
722 1943 757 2006 et
770 1935 845 2020 ipsa
858 1935 988 2019 negotii
1002 1956 1106 2005 causa
1119 1935 1221 2006 exire.
1247 1934 1421 2019 Appeten-

415 2051 467 2121 tia
479 2059 595 2121 tamen
605 2059 711 2135 atque
720 2059 844 2136 gustus
855 2052 1027 2123 Cerasulae
1036 2052 1072 2122 in
1083 2033 1311 2123 vieiniahaud
1321 2058 1425 2123 erant

415 2167 535 2250 ignoti.
547 2169 794 2240 Verumtamen
808 2191 917 2253 quum
930 2168 1102 2240 abbatissa
1116 2169 1241 2240 cerasis
1252 2168 1346 2240 haud
1360 2169 1422 2238 mi·

415 2305 483 2356 nus
496 2306 602 2368 quam
615 2286 692 2369 ipsa
706 2285 943 2370 delectaretur,
958 2307 1039 2356 mox
1053 2293 1268 2370 compertum
1283 2292 1337 2356 est
1350 2306 1420 2371 quo

415 2401 452 2471 hi
465 2402 602 2473 fructus
616 2401 734 2486 optimi
760 2402 996 2485 devenissent;
1018 2403 1110 2473 unde
1133 2403 1247 2473 Mater
1270 2405 1422 2473 Venera-

415 2517 491 2588 bilis
515 2517 608 2589 haud
633 2539 757 2604 parum
781 2519 1058 2604 perturbabatur,
1073 2541 1183 2604 quum
1197 2541 1301 2590 suum
1325 2541 1421 2604 penu

416 2635 559 2707 diminui
574 2637 726 2718 sentiret,
740 2643 777 2706 et
791 2636 874 2720 quid
888 2636 931 2706 de
945 2636 1069 2707 cerasis
1088 2637 1223 2706 factum
1246 2643 1346 2720 esset,
1367 2636 1417 2706 in·

415 2753 594 2836 telligeret

501 2871 598 2954 Regii
610 2871 753 2941 iuvenes
766 2871 1023 2955 peregrinatum
1038 2871 1194 2955 profecti,
1210 2871 1315 2941 etiam
1326 2871 1362 2942 in
1373 2870 1422 2941 lo-

417 2997 506 3071 eum,
529 2987 589 3059 ubi
615 2988 777 3060 Cerasula
800 3010 880 3058 cum
905 2995 1015 3058 matre
1041 2987 1230 3072 victitabat,
1255 3009 1421 3073 pervene-

417 3111 511 3175 runt.
527 3105 643 3186 Quum
657 3103 833 3188 pulchram
847 3104 936 3175 hanc
949 3104 1120 3188 virginem
1133 3110 1214 3174 ante
1228 3104 1419 3174 fenestram

416 3222 599 3306 promissos
613 3221 723 3292 crines
736 3221 995 3292 concinnantem
1021 3242 1103 3292 casu
1124 3219 1423 3305 conspicabantur,

417 3337 563 3421 quisque
584 3338 691 3408 trium
705 3337 873 3408 iuvenum
887 3338 1035 3422 puellam
1056 3338 1213 3420 protinus
1234 3337 1422 3421 adamavit,

416 3455 597 3539 palamque
612 3455 726 3538 edixit,
742 3461 953 3539 quantopere
977 3455 1123 3539 quisque
1136 3475 1212 3524 eam
1225 3455 1261 3524 in
1275 3475 1419 3524 uxorem

417 3574 570 3656 accipere
583 3573 778 3657 cupivisset.
796 3571 863 3642 Vix
876 3571 941 3643 hoc
954 3571 1136 3642 edixerunt
1149 3572 1302 3654 iuvenes,
1328 3571 1420 3655 quis·

417 3710 485 3773 que
499 3711 618 3760 eorum
631 3688 797 3772 zelotypia
810 3695 944 3772 captus,
954 3689 1044 3758 inter
1055 3710 1091 3758 se
1101 3688 1267 3771 altercari,
1277 3687 1422 3772 iurgari,

416 3804 608 3888 vociferari,
623 3825 663 3876 ao
677 3805 824 3889 denique
837 3804 1007 3875 destrictis
1020 3804 1160 3876 ensibus
1171 3806 1259 3875 alter
1270 3805 1421 3876 alterum

417 3922 592 4006 impetere,
605 3921 811 4005 ensibusque
825 3921 985 3992 dimicare
999 3929 1190 4005 coepenmt.
1209 3921 1276 3992 Diu
1291 3921 1339 3992 sic
1347 3941 1419 3992 cer·

417 4038 540 4108 tabant
554 4038 637 4122 quin
652 4037 857 4121 sanguinem
881 4036 1062 4121 fudissent,
1085 4037 1143 4108 sed
1169 4044 1286 4108 tamen
1307 4037 1423 4121 magis

418 4176 458 4225 ac
473 4156 584 4238 magis
596 4154 632 4225 in
646 4155 801 4226 furorem
815 4153 1019 4238 agebantur,
1032 4154 1125 4238 quod
1140 4176 1249 4239 quum
1271 4153 1418 4225 abbatis·
