3540 5156
675 1009 779 1065 auor
799 1011 845 1066 rr
866 1011 1005 1066 rsrcuu
1275 995 1336 1070 195

334 1176 469 1260 enimse,
483 1175 645 1259 supplicis
658 1182 739 1260 tuae,
755 1175 910 1248 subsiste.
924 1178 1019 1248 Inter
1039 1177 1141 1249 istam
1165 1179 1336 1264 spicarum

335 1293 530 1378 congeriem
544 1297 662 1378 petere
676 1295 732 1364 vel
746 1315 873 1378 paucos
895 1295 967 1366 dies
992 1294 1198 1381 delitescam,
1224 1298 1337 1382 quoad

337 1412 419 1484 Deae
433 1418 541 1483 tautae
555 1411 700 1482 saeyieus
714 1411 766 1482 ira
779 1413 889 1496 spatio
902 1413 1067 1498 temporis
1081 1413 1270 1500 mitigetur,
1280 1417 1338 1488 vel

334 1537 429 1602 certe
443 1551 531 1600 meae
544 1529 635 1599 vires
649 1529 783 1600 diutino
807 1531 921 1602 labore
945 1532 1058 1616 iessae,
1084 1533 1209 1616 quietis
1234 1534 1338 1605 inter·

337 1647 427 1718 vallo
441 1646 645 1718 leniantur.''

420 1763 567 1846 Suscipit
579 1761 699 1834 Ceres:
721 1761 826 1835 “Tuis
852 1764 990 1848 quidem
1012 1765 1210 1850 lacrymosis
1234 1769 1339 1852 preci·

335 1883 402 1955 bus
416 1889 452 1952 et
464 1901 692 1963 commoveor,
713 1887 749 1952 et
774 1881 933 1965 opitulari
958 1882 1075 1967 cupio;
1097 1882 1157 1954 scd
1181 1893 1339 1969 cognate

336 2023 433 2084 meae,
447 2020 526 2070 cum
541 2020 609 2082 qua
623 1999 726 2068 etium
740 2000 920 2082 antiquum
938 1999 1055 2071 foedus
1078 2001 1236 2072 amicitiae
1255 2003 1338 2090 colo,

336 2120 436 2190 bonae
461 2122 629 2200 praterea
650 2116 804 2186 ioeminae
829 2116 954 2187 malam
978 2117 1126 2200 gratiam
1150 2118 1265 2190 subire
1278 2142 1338 2192 ae·

337 2258 435 2322 queo.
451 2232 585 2304 Decede
598 2232 706 2315 igitur
718 2233 793 2304 istis
808 2233 939 2305 aedibus
952 2234 1118 2318 protinus,
1143 2242 1180 2306 et
1205 2237 1296 2320 quod
1317 2259 1339 2308 a

336 2375 392 2426 me
406 2361 541 2425 retenta
555 2351 792 2436 custoditaque
805 2373 874 2422 non
888 2351 1008 2436 fueris,
1029 2352 1148 2435 optimi
1170 2355 1339 2426 consule.''

420 2489 547 2560 Contra
560 2509 656 2572 spem
671 2509 770 2558 suam
784 2488 920 2570 repulsa
935 2487 1076 2570 Psyche,
1091 2495 1128 2558 et
1141 2489 1266 2559 afflicta
1276 2490 1339 2560 du·

336 2607 412 2692 plici
424 2607 595 2689 moestitia,
610 2605 677 2675 iter
691 2611 879 2674 retrorsum
893 2603 1079 2688 porrigens,
1095 2604 1185 2676 inter
1199 2607 1339 2678 subsitae

334 2724 498 2796 convallis
511 2722 728 2794 sublucidum
753 2722 869 2791 lucum
891 2721 1053 2805 prospicit
1076 2721 1198 2793 fanum
1224 2725 1339 2795 solerti

335 2842 466 2913 fabrica
491 2848 671 2922 structum,
685 2860 749 2908 nec
762 2839 868 2908 ullam
882 2838 938 2908 vel
953 2837 1093 2909 dubiam
1106 2839 1178 2923 spei
1191 2840 1339 2912 melioris

334 2960 428 3031 mam
446 2960 561 3030 volens
575 2957 743 3038 omittere,
758 2954 818 3025 sed
834 2955 927 3024 adire
941 2955 1173 3040 cuiuscunque
1196 2957 1259 3027 Dei
1278 2979 1338 3029 ye-

334 3077 438 3160 niam,
453 3075 593 3147 sacratis
605 3073 739 3144 foribus
754 3073 932 3156 proximat.
949 3072 1053 3142 Videt
1076 3072 1167 3143 dona
1179 3075 1337 3160 pretiosa,

334 3202 371 3266 et
396 3193 533 3264 lacinias
558 3213 643 3262 auro
667 3191 845 3273 litteratas,
860 3189 964 3259 ramis
978 3187 1149 3273 arborum,
1170 3191 1336 3275 postibus·

335 3334 402 3396 que
424 3311 573 3392 suffixos,
600 3330 678 3393 quae
700 3330 780 3379 cum
801 3307 914 3390 gratia
927 3307 1013 3377 facti
1027 3329 1152 3378 nomen
1168 3309 1260 3392 Deae,
1281 3309 1337 3380 cui

334 3431 480 3502 fuerunt
495 3429 616 3512 dicata,
632 3424 860 3497 testabantur.
876 3425 977 3495 Tunc
991 3446 1085 3508 genu
1099 3425 1190 3509 nixa,
1211 3432 1247 3495 et
1267 3447 1337 3496 ma·

333 3547 437 3618 nibus
447 3565 542 3614 aram
552 3551 727 3628 tepentem
738 3543 904 3626 amplexa,
916 3541 1059 3612 detersis
1073 3548 1154 3612 ante
1168 3541 1335 3627 lacrymis,

334 3664 383 3736 sic
403 3668 626 3746 apprecatur:

418 3777 558 3862 “Magni
573 3777 664 3849 lovis
679 3777 850 3849 Germana
864 3791 900 3847 et
915 3775 1116 3860 Couiuga,¹³¹
1138 3777 1264 3848 sivetu
1278 3777 1337 3850 sa-

333 3897 391 3981 mi,
417 3918 496 3980 quae
525 3895 667 3979 querulo
694 3901 797 3978 partu
821 3895 1011 3977 vagituque
1034 3899 1070 3964 et
1092 3893 1252 3965 alimonis
1274 3897 1336 3966 tud

332 4015 509 4099 gloriatin,
524 4019 622 4082 tenes
637 4017 777 4082 vetusta
791 4009 942 4092 delubra,
957 4009 1030 4081 sive
1044 4009 1144 4081 celsae
1157 4009 1335 4096 Carthagi-

436 4248 494 4301 1³1,
514 4246 630 4307 Coniux,
642 4260 717 4305 uxor,
730 4243 811 4307 luu03
828 4244 918 4298 insula
930 4243 1035 4298 Samos.
