<?xml version="1.0" encoding="UTF-8"?>
<!DOCTYPE html PUBLIC "-//W3C//DTD XHTML 1.0 Transitional//EN"
    "http://www.w3.org/TR/xhtml1/DTD/xhtml1-transitional.dtd">
<html xmlns="http://www.w3.org/1999/xhtml" xml:lang="en" lang="en">
 <head>
  <title>
</title>
<meta http-equiv="Content-Type" content="text/html;charset=utf-8" />
  <meta name='ocr-system' content='tesseract 3.04.00' />
  <meta name='ocr-capabilities' content='ocr_page ocr_carea ocr_par ocr_line ocrx_word'/>
</head>
<body>
  <div class='ocr_page' id='page_1' title='image "./fabuldivalesexn00apulgoog_0101.png"; bbox 0 0 3554 5156; ppageno 0'>
   <div class='ocr_carea' id='block_1_1' title="bbox 420 946 1033 1027">
    <p class='ocr_par' dir='ltr' id='par_1_1' title="bbox 420 946 1033 1027">
     <span class='ocr_line' id='line_1_1' title="bbox 420 946 1033 1027; baseline 0 -11"><span class='ocrx_word' id='word_1_1' title='bbox 420 946 463 1016; x_wconf 86' lang='lat'><strong>90</strong></span> <span class='ocrx_word' id='word_1_2' title='bbox 815 961 916 1027; x_wconf 75' lang='lat' dir='ltr'><strong>roua</strong></span> <span class='ocrx_word' id='word_1_3' title='bbox 935 961 1033 1016; x_wconf 79' lang='lat' dir='ltr'><strong>vrum</strong></span> 
     </span>
    </p>
   </div>
   <div class='ocr_carea' id='block_1_2' title="bbox 418 1127 1426 3560">
    <p class='ocr_par' dir='ltr' id='par_1_2' title="bbox 419 1127 1426 2725">
     <span class='ocr_line' id='line_1_2' title="bbox 505 1127 1425 1217; baseline 0.001 -16"><span class='ocrx_word' id='word_1_4' title='bbox 505 1127 568 1201; x_wconf 83' lang='lat' dir='ltr'><strong>llis</strong></span> <span class='ocrx_word' id='word_1_5' title='bbox 581 1129 718 1214; x_wconf 84' lang='lat' dir='ltr'><strong>auditis,</strong></span> <span class='ocrx_word' id='word_1_6' title='bbox 733 1129 850 1215; x_wconf 74' lang='lat' dir='ltr'><strong>regius</strong></span> <span class='ocrx_word' id='word_1_7' title='bbox 864 1129 999 1202; x_wconf 81' lang='lat' dir='ltr'><strong>iuvenis</strong></span> <span class='ocrx_word' id='word_1_8' title='bbox 1011 1131 1107 1203; x_wconf 81' lang='lat' dir='ltr'><strong>foras</strong></span> <span class='ocrx_word' id='word_1_9' title='bbox 1121 1131 1326 1216; x_wconf 87' lang='lat' dir='ltr'><strong>properavit,</strong></span> <span class='ocrx_word' id='word_1_10' title='bbox 1350 1153 1425 1217; x_wconf 88' lang='lat' dir='ltr'><strong>per·</strong></span> 
     </span>
     <span class='ocr_line' id='line_1_3' title="bbox 420 1246 1424 1334; baseline 0.004 -17"><span class='ocrx_word' id='word_1_11' title='bbox 420 1246 587 1331; x_wconf 83' lang='lat' dir='ltr'><strong>venitque</strong></span> <span class='ocrx_word' id='word_1_12' title='bbox 601 1247 645 1318; x_wconf 93' lang='lat' dir='ltr'><strong>ad</strong></span> <span class='ocrx_word' id='word_1_13' title='bbox 660 1246 906 1332; x_wconf 89' lang='lat' dir='ltr'><strong>pulcherrimos</strong></span> <span class='ocrx_word' id='word_1_14' title='bbox 919 1247 1046 1331; x_wconf 86' lang='lat' dir='ltr'><strong>hortos,</strong></span> <span class='ocrx_word' id='word_1_15' title='bbox 1067 1248 1102 1318; x_wconf 92' lang='lat' dir='ltr'><strong>in</strong></span> <span class='ocrx_word' id='word_1_16' title='bbox 1128 1248 1254 1333; x_wconf 89' lang='lat' dir='ltr'><strong>quibus</strong></span> <span class='ocrx_word' id='word_1_17' title='bbox 1273 1249 1424 1334; x_wconf 84' lang='lat' dir='ltr'><strong>aliquem</strong></span> 
     </span>
     <span class='ocr_line' id='line_1_4' title="bbox 421 1364 1423 1451; baseline 0.002 -16"><span class='ocrx_word' id='word_1_18' title='bbox 421 1366 534 1435; x_wconf 90' lang='lat' dir='ltr'><strong>locum</strong></span> <span class='ocrx_word' id='word_1_19' title='bbox 547 1364 680 1436; x_wconf 86' lang='lat' dir='ltr'><strong>umbris</strong></span> <span class='ocrx_word' id='word_1_20' title='bbox 692 1364 927 1437; x_wconf 66' lang='lat' dir='ltr'><strong>delectabile!</strong></span> <span class='ocrx_word' id='word_1_21' title='bbox 941 1385 1022 1436; x_wconf 92' lang='lat' dir='ltr'><strong>curn</strong></span> <span class='ocrx_word' id='word_1_22' title='bbox 1036 1365 1182 1450; x_wconf 78' lang='lat' dir='ltr'><strong>grabato</strong></span> <span class='ocrx_word' id='word_1_23' title='bbox 1195 1366 1338 1451; x_wconf 85' lang='lat' dir='ltr'><strong>invenit,</strong></span> <span class='ocrx_word' id='word_1_24' title='bbox 1352 1365 1423 1451; x_wconf 88' lang='lat' dir='ltr'><strong>ubi,</strong></span> 
     </span>
     <span class='ocr_line' id='line_1_5' title="bbox 422 1482 1424 1569; baseline 0.002 -16"><span class='ocrx_word' id='word_1_25' title='bbox 422 1503 531 1566; x_wconf 83' lang='lat' dir='ltr'><strong>quum</strong></span> <span class='ocrx_word' id='word_1_26' title='bbox 546 1482 731 1554; x_wconf 80' lang='lat' dir='ltr'><strong>admodum</strong></span> <span class='ocrx_word' id='word_1_27' title='bbox 746 1489 837 1554; x_wconf 89' lang='lat' dir='ltr'><strong>esset</strong></span> <span class='ocrx_word' id='word_1_28' title='bbox 850 1484 969 1567; x_wconf 88' lang='lat' dir='ltr'><strong>lassus,</strong></span> <span class='ocrx_word' id='word_1_29' title='bbox 985 1483 1269 1568; x_wconf 87' lang='lat' dir='ltr'><strong>requiescendum</strong></span> <span class='ocrx_word' id='word_1_30' title='bbox 1284 1484 1347 1556; x_wconf 85' lang='lat' dir='ltr'>sibi</span> <span class='ocrx_word' id='word_1_31' title='bbox 1362 1506 1424 1569; x_wconf 88' lang='lat' dir='ltr'><strong>pu·</strong></span> 
     </span>
     <span class='ocr_line' id='line_1_6' title="bbox 421 1599 1424 1686; baseline 0.002 -16"><span class='ocrx_word' id='word_1_32' title='bbox 421 1599 520 1684; x_wconf 85' lang='lat' dir='ltr'><strong>tavit,</strong></span> <span class='ocrx_word' id='word_1_33' title='bbox 544 1601 637 1672; x_wconf 88' lang='lat' dir='ltr'><strong>unde</strong></span> <span class='ocrx_word' id='word_1_34' title='bbox 658 1599 930 1685; x_wconf 83' lang='lat' dir='ltr'><strong>pulchritudines</strong></span> <span class='ocrx_word' id='word_1_35' title='bbox 953 1600 1045 1671; x_wconf 87' lang='lat' dir='ltr'><strong>horti</strong></span> <span class='ocrx_word' id='word_1_36' title='bbox 1069 1601 1245 1673; x_wconf 90' lang='lat' dir='ltr'><strong>commode</strong></span> <span class='ocrx_word' id='word_1_37' title='bbox 1269 1609 1424 1686; x_wconf 86' lang='lat' dir='ltr'><strong>spectare</strong></span> 
     </span>
     <span class='ocr_line' id='line_1_7' title="bbox 419 1716 1423 1802; baseline 0.002 -14"><span class='ocrx_word' id='word_1_38' title='bbox 419 1737 459 1788; x_wconf 89' lang='lat' dir='ltr'><strong>ac</strong></span> <span class='ocrx_word' id='word_1_39' title='bbox 473 1717 589 1788; x_wconf 87' lang='lat' dir='ltr'><strong>mirari</strong></span> <span class='ocrx_word' id='word_1_40' title='bbox 603 1724 729 1802; x_wconf 89' lang='lat' dir='ltr'><strong>posset.</strong></span> <span class='ocrx_word' id='word_1_41' title='bbox 751 1716 923 1788; x_wconf 88' lang='lat' dir='ltr'><strong>Recubuit</strong></span> <span class='ocrx_word' id='word_1_42' title='bbox 942 1717 1072 1802; x_wconf 86' lang='lat' dir='ltr'><strong>itaque,</strong></span> <span class='ocrx_word' id='word_1_43' title='bbox 1086 1738 1127 1789; x_wconf 88' lang='lat' dir='ltr'><strong>ac</strong></span> <span class='ocrx_word' id='word_1_44' title='bbox 1142 1718 1206 1789; x_wconf 90' lang='lat' dir='ltr'>sibi</span> <span class='ocrx_word' id='word_1_45' title='bbox 1218 1718 1327 1790; x_wconf 80' lang='lat' dir='ltr'><strong>invito</strong></span> <span class='ocrx_word' id='word_1_46' title='bbox 1341 1740 1423 1790; x_wconf 86' lang='lat' dir='ltr'><strong>mox</strong></span> 
     </span>
     <span class='ocr_line' id='line_1_8' title="bbox 421 1833 1423 1919; baseline 0.003 -16"><span class='ocrx_word' id='word_1_47' title='bbox 421 1855 522 1918; x_wconf 90' lang='lat' dir='ltr'><strong>sopor</strong></span> <span class='ocrx_word' id='word_1_48' title='bbox 536 1833 696 1919; x_wconf 83' lang='lat' dir='ltr'>obrepsit,</span> <span class='ocrx_word' id='word_1_49' title='bbox 719 1857 783 1906; x_wconf 90' lang='lat' dir='ltr'><strong>nec</strong></span> <span class='ocrx_word' id='word_1_50' title='bbox 808 1834 986 1918; x_wconf 77' lang='lat' dir='ltr'>evigilavit</span> <span class='ocrx_word' id='word_1_51' title='bbox 999 1834 1107 1906; x_wconf 89' lang='lat' dir='ltr'><strong>donec</strong></span> <span class='ocrx_word' id='word_1_52' title='bbox 1121 1834 1335 1919; x_wconf 80' lang='lat' dir='ltr'><strong>horologium</strong></span> <span class='ocrx_word' id='word_1_53' title='bbox 1360 1856 1423 1906; x_wconf 92' lang='lat' dir='ltr'><strong>un·</strong></span> 
     </span>
     <span class='ocr_line' id='line_1_9' title="bbox 421 1950 1425 2037; baseline 0.003 -16"><span class='ocrx_word' id='word_1_54' title='bbox 421 1950 590 2022; x_wconf 90' lang='lat' dir='ltr'><strong>decimum</strong></span> <span class='ocrx_word' id='word_1_55' title='bbox 605 1973 685 2021; x_wconf 93' lang='lat' dir='ltr'><strong>cum</strong></span> <span class='ocrx_word' id='word_1_56' title='bbox 699 1951 880 2022; x_wconf 83' lang='lat' dir='ltr'><strong>dodrante⁵</strong></span> <span class='ocrx_word' id='word_1_57' title='bbox 894 1960 1031 2023; x_wconf 88' lang='lat' dir='ltr'><strong>sonaret</strong></span> <span class='ocrx_word' id='word_1_58' title='bbox 1039 1973 1049 2034; x_wconf 88' lang='lat'>;</span> <span class='ocrx_word' id='word_1_59' title='bbox 1070 1959 1164 2036; x_wconf 84' lang='lat' dir='ltr'><strong>tunc,</strong></span> <span class='ocrx_word' id='word_1_60' title='bbox 1177 1973 1345 2037; x_wconf 82' lang='lat' dir='ltr'><strong>perquam</strong></span> <span class='ocrx_word' id='word_1_61' title='bbox 1356 1959 1425 2024; x_wconf 86' lang='lat' dir='ltr'><strong>ter·</strong></span> 
     </span>
     <span class='ocr_line' id='line_1_10' title="bbox 421 2066 1423 2154; baseline 0.003 -16"><span class='ocrx_word' id='word_1_62' title='bbox 421 2067 510 2139; x_wconf 87' lang='lat' dir='ltr'><strong>ritus</strong></span> <span class='ocrx_word' id='word_1_63' title='bbox 522 2068 558 2138; x_wconf 95' lang='lat' dir='ltr'><strong>in</strong></span> <span class='ocrx_word' id='word_1_64' title='bbox 573 2066 678 2152; x_wconf 90' lang='lat' dir='ltr'><strong>pedes</strong></span> <span class='ocrx_word' id='word_1_65' title='bbox 692 2067 847 2153; x_wconf 89' lang='lat' dir='ltr'><strong>prosiliit,</strong></span> <span class='ocrx_word' id='word_1_66' title='bbox 861 2068 906 2139; x_wconf 90' lang='lat' dir='ltr'><strong>ad</strong></span> <span class='ocrx_word' id='word_1_67' title='bbox 919 2070 1053 2139; x_wconf 82' lang='lat' dir='ltr'><strong>fontem</strong></span> <span class='ocrx_word' id='word_1_68' title='bbox 1074 2069 1233 2153; x_wconf 85' lang='lat' dir='ltr'><strong>accurrit,</strong></span> <span class='ocrx_word' id='word_1_69' title='bbox 1256 2069 1423 2154; x_wconf 82' lang='lat' dir='ltr'><strong>scyphum</strong></span> 
     </span>
     <span class='ocr_line' id='line_1_11' title="bbox 420 2185 1424 2269; baseline 0.002 -13"><span class='ocrx_word' id='word_1_70' title='bbox 420 2185 486 2256; x_wconf 91' lang='lat' dir='ltr'><strong>illic</strong></span> <span class='ocrx_word' id='word_1_71' title='bbox 496 2185 701 2269; x_wconf 85' lang='lat' dir='ltr'><strong>pendentem</strong></span> <span class='ocrx_word' id='word_1_72' title='bbox 713 2186 870 2269; x_wconf 85' lang='lat' dir='ltr'><strong>complet,</strong></span> <span class='ocrx_word' id='word_1_73' title='bbox 882 2192 988 2268; x_wconf 87' lang='lat' dir='ltr'><strong>atque</strong></span> <span class='ocrx_word' id='word_1_74' title='bbox 998 2186 1103 2269; x_wconf 89' lang='lat' dir='ltr'><strong>pedes</strong></span> <span class='ocrx_word' id='word_1_75' title='bbox 1114 2186 1269 2269; x_wconf 80' lang='lat' dir='ltr'><strong>retrahit,</strong></span> <span class='ocrx_word' id='word_1_76' title='bbox 1284 2192 1324 2256; x_wconf 91' lang='lat' dir='ltr'><strong>ut</strong></span> <span class='ocrx_word' id='word_1_77' title='bbox 1338 2194 1424 2258; x_wconf 89' lang='lat' dir='ltr'><strong>tem·</strong></span> 
     </span>
     <span class='ocr_line' id='line_1_12' title="bbox 420 2301 1426 2387; baseline 0.003 -16"><span class='ocrx_word' id='word_1_78' title='bbox 420 2301 495 2386; x_wconf 89' lang='lat' dir='ltr'><strong>pori</strong></span> <span class='ocrx_word' id='word_1_79' title='bbox 509 2302 644 2372; x_wconf 88' lang='lat' dir='ltr'><strong>evadat.</strong></span> <span class='ocrx_word' id='word_1_80' title='bbox 667 2302 746 2387; x_wconf 86' lang='lat' dir='ltr'><strong>Ipso</strong></span> <span class='ocrx_word' id='word_1_81' title='bbox 761 2307 889 2386; x_wconf 91' lang='lat' dir='ltr'><strong>puncto</strong></span> <span class='ocrx_word' id='word_1_82' title='bbox 910 2302 1084 2386; x_wconf 84' lang='lat' dir='ltr'><strong>temporis,</strong></span> <span class='ocrx_word' id='word_1_83' title='bbox 1099 2323 1169 2386; x_wconf 87' lang='lat' dir='ltr'><strong>quo</strong></span> <span class='ocrx_word' id='word_1_84' title='bbox 1183 2304 1334 2374; x_wconf 83' lang='lat' dir='ltr'><strong>ferream</strong></span> <span class='ocrx_word' id='word_1_85' title='bbox 1349 2321 1426 2387; x_wconf 85' lang='lat' dir='ltr'><strong>pnr-</strong></span> 
     </span>
     <span class='ocr_line' id='line_1_13' title="bbox 419 2417 1422 2503; baseline 0.002 -14"><span class='ocrx_word' id='word_1_86' title='bbox 419 2426 492 2489; x_wconf 90' lang='lat' dir='ltr'><strong>tam</strong></span> <span class='ocrx_word' id='word_1_87' title='bbox 506 2417 713 2503; x_wconf 81' lang='lat' dir='ltr'><strong>praeteribat,</strong></span> <span class='ocrx_word' id='word_1_88' title='bbox 728 2417 941 2501; x_wconf 80' lang='lat' dir='ltr'><strong>horologium</strong></span> <span class='ocrx_word' id='word_1_89' title='bbox 955 2418 1134 2490; x_wconf 89' lang='lat' dir='ltr'><strong>duodecim</strong></span> <span class='ocrx_word' id='word_1_90' title='bbox 1145 2418 1298 2502; x_wconf 90' lang='lat' dir='ltr'><strong>sonabat,</strong></span> <span class='ocrx_word' id='word_1_91' title='bbox 1313 2441 1422 2503; x_wconf 87' lang='lat' dir='ltr'><strong>quum</strong></span> 
     </span>
     <span class='ocr_line' id='line_1_14' title="bbox 420 2535 1425 2620; baseline 0.002 -14"><span class='ocrx_word' id='word_1_92' title='bbox 420 2543 607 2620; x_wconf 86' lang='lat' dir='ltr'><strong>portatam</strong></span> <span class='ocrx_word' id='word_1_93' title='bbox 621 2535 689 2607; x_wconf 92' lang='lat' dir='ltr'><strong>cito</strong></span> <span class='ocrx_word' id='word_1_94' title='bbox 713 2535 926 2619; x_wconf 84' lang='lat' dir='ltr'><strong>illabebatur,</strong></span> <span class='ocrx_word' id='word_1_95' title='bbox 951 2544 993 2609; x_wconf 89' lang='lat' dir='ltr'><strong>ut</strong></span> <span class='ocrx_word' id='word_1_96' title='bbox 1016 2537 1206 2608; x_wconf 81' lang='lat' dir='ltr'><strong>frustulum</strong></span> <span class='ocrx_word' id='word_1_97' title='bbox 1230 2536 1329 2607; x_wconf 88' lang='lat' dir='ltr'><strong>calcis</strong></span> <span class='ocrx_word' id='word_1_98' title='bbox 1349 2558 1425 2608; x_wconf 82' lang='lat' dir='ltr'><strong>suae</strong></span> 
     </span>
     <span class='ocr_line' id='line_1_15' title="bbox 419 2654 610 2725; baseline -0.016 0"><span class='ocrx_word' id='word_1_99' title='bbox 419 2654 610 2725; x_wconf 84' lang='lat' dir='ltr'><strong>abraderet.</strong></span> 
     </span>
    </p>

    <p class='ocr_par' dir='ltr' id='par_1_3' title="bbox 418 2769 1425 3560">
     <span class='ocr_line' id='line_1_16' title="bbox 504 2769 1423 2857; baseline -0.004 -13"><span class='ocrx_word' id='word_1_100' title='bbox 504 2773 620 2857; x_wconf 91' lang='lat' dir='ltr'><strong>Quum</strong></span> <span class='ocrx_word' id='word_1_101' title='bbox 642 2795 680 2844; x_wconf 91' lang='lat' dir='ltr'><strong>se</strong></span> <span class='ocrx_word' id='word_1_102' title='bbox 705 2772 910 2844; x_wconf 91' lang='lat' dir='ltr'><strong>incolumem</strong></span> <span class='ocrx_word' id='word_1_103' title='bbox 934 2771 970 2840; x_wconf 94' lang='lat' dir='ltr'><strong>in</strong></span> <span class='ocrx_word' id='word_1_104' title='bbox 993 2777 1071 2840; x_wconf 91' lang='lat' dir='ltr'><strong>tuto</strong></span> <span class='ocrx_word' id='word_1_105' title='bbox 1092 2769 1275 2854; x_wconf 88' lang='lat' dir='ltr'><strong>reperisset</strong></span> <span class='ocrx_word' id='word_1_106' title='bbox 1288 2791 1423 2841; x_wconf 92' lang='lat' dir='ltr'><strong>summo</strong></span> 
     </span>
     <span class='ocr_line' id='line_1_17' title="bbox 418 2886 1423 2974; baseline -0.002 -14"><span class='ocrx_word' id='word_1_107' title='bbox 418 2890 546 2973; x_wconf 78' lang='lat' dir='ltr'><strong>gaudio</strong></span> <span class='ocrx_word' id='word_1_108' title='bbox 560 2889 782 2972; x_wconf 89' lang='lat' dir='ltr'><strong>afficiebatur,</strong></span> <span class='ocrx_word' id='word_1_109' title='bbox 797 2889 889 2974; x_wconf 83' lang='lat' dir='ltr'><strong>quod</strong></span> <span class='ocrx_word' id='word_1_110' title='bbox 904 2889 1006 2971; x_wconf 81' lang='lat' dir='ltr'><strong>Aqua</strong></span> <span class='ocrx_word' id='word_1_111' title='bbox 1019 2886 1109 2957; x_wconf 71' lang='lat' dir='ltr'><strong>Vitae</strong></span> <span class='ocrx_word' id='word_1_112' title='bbox 1123 2886 1254 2971; x_wconf 87' lang='lat' dir='ltr'><strong>potitus</strong></span> <span class='ocrx_word' id='word_1_113' title='bbox 1277 2895 1348 2970; x_wconf 89' lang='lat' dir='ltr'><strong>est;</strong></span> <span class='ocrx_word' id='word_1_114' title='bbox 1370 2895 1423 2958; x_wconf 91' lang='lat' dir='ltr'><strong>at·</strong></span> 
     </span>
     <span class='ocr_line' id='line_1_18' title="bbox 419 3003 1422 3090; baseline -0.002 -14"><span class='ocrx_word' id='word_1_115' title='bbox 419 3007 546 3090; x_wconf 87' lang='lat' dir='ltr'><strong>quein</strong></span> <span class='ocrx_word' id='word_1_116' title='bbox 571 3007 693 3078; x_wconf 88' lang='lat' dir='ltr'><strong>itinere</strong></span> <span class='ocrx_word' id='word_1_117' title='bbox 718 3013 908 3078; x_wconf 90' lang='lat' dir='ltr'><strong>retrorsum</strong></span> <span class='ocrx_word' id='word_1_118' title='bbox 932 3003 1129 3089; x_wconf 80' lang='lat' dir='ltr'><strong>praeteribat</strong></span> <span class='ocrx_word' id='word_1_119' title='bbox 1152 3004 1330 3088; x_wconf 92' lang='lat' dir='ltr'><strong>pumilum,</strong></span> <span class='ocrx_word' id='word_1_120' title='bbox 1362 3004 1422 3088; x_wconf 91' lang='lat' dir='ltr'><strong>qui</strong></span> 
     </span>
     <span class='ocr_line' id='line_1_19' title="bbox 418 3120 1425 3208; baseline -0.003 -13"><span class='ocrx_word' id='word_1_121' title='bbox 418 3145 527 3208; x_wconf 87' lang='lat' dir='ltr'><strong>quum</strong></span> <span class='ocrx_word' id='word_1_122' title='bbox 542 3145 659 3196; x_wconf 86' lang='lat' dir='ltr'><strong>ensem</strong></span> <span class='ocrx_word' id='word_1_123' title='bbox 674 3131 778 3208; x_wconf 87' lang='lat' dir='ltr'><strong>atque</strong></span> <span class='ocrx_word' id='word_1_124' title='bbox 791 3145 916 3207; x_wconf 91' lang='lat' dir='ltr'><strong>panem</strong></span> <span class='ocrx_word' id='word_1_125' title='bbox 931 3121 1170 3206; x_wconf 81' lang='lat' dir='ltr'><strong>conspexisset,</strong></span> <span class='ocrx_word' id='word_1_126' title='bbox 1181 3120 1255 3191; x_wconf 83' lang='lat' dir='ltr'><strong>haec</strong></span> <span class='ocrx_word' id='word_1_127' title='bbox 1268 3142 1349 3191; x_wconf 90' lang='lat' dir='ltr'><strong>eum</strong></span> <span class='ocrx_word' id='word_1_128' title='bbox 1364 3121 1425 3192; x_wconf 87' lang='lat' dir='ltr'><strong>do·</strong></span> 
     </span>
     <span class='ocr_line' id='line_1_20' title="bbox 420 3238 1423 3323; baseline -0.005 -11"><span class='ocrx_word' id='word_1_129' title='bbox 420 3241 509 3312; x_wconf 93' lang='lat' dir='ltr'><strong>cuit:</strong></span> <span class='ocrx_word' id='word_1_130' title='bbox 531 3240 725 3312; x_wconf 85' lang='lat' dir='ltr'><strong>“Eximium</strong></span> <span class='ocrx_word' id='word_1_131' title='bbox 738 3239 887 3311; x_wconf 87' lang='lat' dir='ltr'><strong>attulisti</strong></span> <span class='ocrx_word' id='word_1_132' title='bbox 900 3238 1098 3323; x_wconf 79' lang='lat' dir='ltr'><strong>praemium3</strong></span> <span class='ocrx_word' id='word_1_133' title='bbox 1121 3259 1267 3321; x_wconf 84' lang='lat' dir='ltr'><strong>coense,</strong></span> <span class='ocrx_word' id='word_1_134' title='bbox 1285 3238 1423 3322; x_wconf 71' lang='lat' dir='ltr'><strong>singulo</strong></span> 
     </span>
     <span class='ocr_line' id='line_1_21' title="bbox 419 3355 1421 3443; baseline -0.005 -13"><span class='ocrx_word' id='word_1_135' title='bbox 419 3359 501 3443; x_wconf 89' lang='lat' dir='ltr'><strong>ictu,</strong></span> <span class='ocrx_word' id='word_1_136' title='bbox 519 3365 635 3430; x_wconf 88' lang='lat' dir='ltr'><strong>toturn</strong></span> <span class='ocrx_word' id='word_1_137' title='bbox 650 3357 840 3428; x_wconf 85' lang='lat' dir='ltr'><strong>exercitum</strong></span> <span class='ocrx_word' id='word_1_138' title='bbox 854 3361 1068 3441; x_wconf 61' lang='lat' dir='ltr'><strong>prosternam</strong></span> <span class='ocrx_word' id='word_1_139' title='bbox 1089 3355 1189 3439; x_wconf 92' lang='lat' dir='ltr'><strong>panis</strong></span> <span class='ocrx_word' id='word_1_140' title='bbox 1201 3360 1319 3425; x_wconf 86' lang='lat' dir='ltr'><strong>autem</strong></span> <span class='ocrx_word' id='word_1_141' title='bbox 1333 3376 1421 3426; x_wconf 93' lang='lat' dir='ltr'><strong>nun·</strong></span> 
     </span>
     <span class='ocr_line' id='line_1_22' title="bbox 420 3474 705 3560; baseline -0.011 -12"><span class='ocrx_word' id='word_1_142' title='bbox 420 3497 524 3560; x_wconf 85' lang='lat' dir='ltr'><strong>quam</strong></span> <span class='ocrx_word' id='word_1_143' title='bbox 539 3474 705 3546; x_wconf 86' lang='lat' dir='ltr'><strong>deficiet.&#39;’</strong></span> 
     </span>
    </p>
   </div>
   <div class='ocr_carea' id='block_1_3' title="bbox 417 3587 1426 4020">
    <p class='ocr_par' dir='ltr' id='par_1_4' title="bbox 417 3587 1426 4020">
     <span class='ocr_line' id='line_1_23' title="bbox 501 3587 1423 3675; baseline -0.004 -13"><span class='ocrx_word' id='word_1_144' title='bbox 501 3593 593 3662; x_wconf 76' lang='lat' dir='ltr'><strong>&#39;lhm</strong></span> <span class='ocrx_word' id='word_1_145' title='bbox 607 3589 724 3675; x_wconf 78' lang='lat' dir='ltr'><strong>regius</strong></span> <span class='ocrx_word' id='word_1_146' title='bbox 736 3588 872 3660; x_wconf 88' lang='lat' dir='ltr'><strong>iuvenis</strong></span> <span class='ocrx_word' id='word_1_147' title='bbox 885 3589 960 3660; x_wconf 74' lang='lat' dir='ltr'><strong>hec</strong></span> <span class='ocrx_word' id='word_1_148' title='bbox 974 3608 1092 3659; x_wconf 88' lang='lat' dir='ltr'><strong>secum</strong></span> <span class='ocrx_word' id='word_1_149' title='bbox 1106 3587 1304 3659; x_wconf 85' lang='lat' dir='ltr'><strong>dictitabat:</strong></span> <span class='ocrx_word' id='word_1_150' title='bbox 1321 3587 1423 3659; x_wconf 89' lang='lat' dir='ltr'><strong>“Non</strong></span> 
     </span>
     <span class='ocr_line' id='line_1_24' title="bbox 419 3703 1426 3790; baseline -0.003 -10"><span class='ocrx_word' id='word_1_151' title='bbox 419 3710 518 3780; x_wconf 85' lang='lat' dir='ltr'><strong>decet</strong></span> <span class='ocrx_word' id='word_1_152' title='bbox 530 3729 587 3778; x_wconf 90' lang='lat' dir='ltr'><strong>me</strong></span> <span class='ocrx_word' id='word_1_153' title='bbox 602 3708 647 3779; x_wconf 91' lang='lat' dir='ltr'><strong>ad</strong></span> <span class='ocrx_word' id='word_1_154' title='bbox 661 3713 796 3790; x_wconf 84' lang='lat' dir='ltr'><strong>patrem</strong></span> <span class='ocrx_word' id='word_1_155' title='bbox 811 3705 884 3776; x_wconf 87' lang='lat' dir='ltr'><strong>sine</strong></span> <span class='ocrx_word' id='word_1_156' title='bbox 898 3703 1067 3776; x_wconf 81' lang='lat' dir='ltr'><strong>iratribus</strong></span> <span class='ocrx_word' id='word_1_157' title='bbox 1082 3704 1225 3787; x_wconf 88' lang='lat' dir='ltr'><strong>redire,”</strong></span> <span class='ocrx_word' id='word_1_158' title='bbox 1241 3706 1361 3788; x_wconf 89' lang='lat' dir='ltr'><strong>itaque</strong></span> <span class='ocrx_word' id='word_1_159' title='bbox 1375 3705 1426 3777; x_wconf 88' lang='lat' dir='ltr'><strong>sic</strong></span> 
     </span>
     <span class='ocr_line' id='line_1_25' title="bbox 418 3821 1424 3909; baseline -0.004 -11"><span class='ocrx_word' id='word_1_160' title='bbox 418 3827 547 3898; x_wconf 75' lang='lat' dir='ltr'><strong>affatim</strong></span> <span class='ocrx_word' id='word_1_161' title='bbox 562 3823 750 3909; x_wconf 90' lang='lat' dir='ltr'><strong>pumilum:</strong></span> <span class='ocrx_word' id='word_1_162' title='bbox 772 3821 843 3893; x_wconf 87' lang='lat' dir='ltr'><strong>“Mi</strong></span> <span class='ocrx_word' id='word_1_163' title='bbox 864 3821 971 3892; x_wconf 87' lang='lat' dir='ltr'><strong>amice</strong></span> <span class='ocrx_word' id='word_1_164' title='bbox 997 3821 1097 3904; x_wconf 90' lang='lat' dir='ltr'><strong>bone,</strong></span> <span class='ocrx_word' id='word_1_165' title='bbox 1119 3841 1205 3891; x_wconf 91' lang='lat' dir='ltr'><strong>num</strong></span> <span class='ocrx_word' id='word_1_166' title='bbox 1229 3842 1299 3891; x_wconf 93' lang='lat' dir='ltr'><strong>non</strong></span> <span class='ocrx_word' id='word_1_167' title='bbox 1324 3828 1424 3905; x_wconf 83' lang='lat' dir='ltr'><strong>potes</strong></span> 
     </span>
     <span class='ocr_line' id='line_1_26' title="bbox 417 3937 1424 4020; baseline -0.004 -6"><span class='ocrx_word' id='word_1_168' title='bbox 417 3942 501 4014; x_wconf 90' lang='lat' dir='ltr'><strong>mihi</strong></span> <span class='ocrx_word' id='word_1_169' title='bbox 530 3941 702 4012; x_wconf 88' lang='lat' dir='ltr'><strong>declarare</strong></span> <span class='ocrx_word' id='word_1_170' title='bbox 728 3938 788 4010; x_wconf 92' lang='lat' dir='ltr'><strong>ubi</strong></span> <span class='ocrx_word' id='word_1_171' title='bbox 812 3937 882 4009; x_wconf 80' lang='lat' dir='ltr'><strong>mei</strong></span> <span class='ocrx_word' id='word_1_172' title='bbox 906 3938 1036 4010; x_wconf 83' lang='lat' dir='ltr'><strong>fratres</strong></span> <span class='ocrx_word' id='word_1_173' title='bbox 1061 3937 1140 4020; x_wconf 89' lang='lat' dir='ltr'><strong>sint,</strong></span> <span class='ocrx_word' id='word_1_174' title='bbox 1164 3938 1225 4020; x_wconf 87' lang='lat' dir='ltr'><strong>qni</strong></span> <span class='ocrx_word' id='word_1_175' title='bbox 1254 3945 1336 4008; x_wconf 92' lang='lat' dir='ltr'><strong>ante</strong></span> <span class='ocrx_word' id='word_1_176' title='bbox 1365 3959 1424 4010; x_wconf 88' lang='lat' dir='ltr'><strong>me</strong></span> 
     </span>
    </p>
   </div>
   <div class='ocr_carea' id='block_1_4' title="bbox 520 4203 1233 4272">
    <p class='ocr_par' dir='ltr' id='par_1_5' title="bbox 520 4203 1233 4272">
     <span class='ocr_line' id='line_1_27' title="bbox 520 4203 1233 4272; baseline -0.006 -10"><span class='ocrx_word' id='word_1_177' title='bbox 520 4209 545 4263; x_wconf 89' lang='grc'><strong>5.</strong></span> <span class='ocrx_word' id='word_1_178' title='bbox 561 4205 710 4271; x_wconf 79' lang='lat' dir='ltr'><strong>Dodrmra,</strong></span> <span class='ocrx_word' id='word_1_179' title='bbox 726 4205 788 4271; x_wconf 64' lang='lat' dir='ltr'><strong>tia,</strong></span> <span class='ocrx_word' id='word_1_180' title='bbox 805 4222 850 4269; x_wconf 82' lang='lat' dir='ltr'><strong>m..</strong></span> <span class='ocrx_word' id='word_1_181' title='bbox 864 4211 906 4260; x_wconf 80' lang='lat' dir='ltr'><strong>est</strong></span> <span class='ocrx_word' id='word_1_182' title='bbox 918 4205 1019 4260; x_wconf 80' lang='lat' dir='ltr'><strong>tertius</strong></span> <span class='ocrx_word' id='word_1_183' title='bbox 1030 4205 1177 4272; x_wconf 83' lang='lat' dir='ltr'><strong>quadrans,</strong></span> <span class='ocrx_word' id='word_1_184' title='bbox 1192 4203 1233 4270; x_wconf 58' lang='lat'><strong>31.</strong></span> 
     </span>
    </p>
   </div>
   <div class='ocr_carea' id='block_1_5' title="bbox 0 0 1782 5156">
    <p class='ocr_par' dir='ltr' id='par_1_6' title="bbox 0 0 1782 5156">
     <span class='ocr_line' id='line_1_28' title="bbox 0 0 1782 5156; baseline 0 0"><span class='ocrx_word' id='word_1_185' title='bbox 0 0 1782 5156; x_wconf 95' lang='lat' dir='ltr'><strong> </strong></span> 
     </span>
    </p>
   </div>
  </div>
 </body>
</html>
