3540 5156
704 962 808 1016 anon
829 962 878 1015 aa
899 961 1036 1016 parcan
1309 947 1371 1016 183

367 1131 439 1202 lum
454 1129 656 1213 Cupidinem
668 1131 860 1200 formosum
881 1129 993 1200 Deum
1007 1129 1157 1200 formose
1171 1128 1366 1212 cubantem,

366 1247 464 1318 cuius
478 1254 619 1330 aspectu
634 1248 783 1317 lucernae
794 1267 930 1330 quoque
941 1245 1057 1316 lumen
1066 1245 1251 1317 hilaratum
1259 1247 1366 1316 incre·

367 1364 469 1447 bruit,
482 1370 520 1434 et
534 1364 698 1434 acuminis
713 1363 866 1447 sacrilegi
887 1363 1091 1433 novaculam
1105 1363 1305 1446 poenitebat.
1321 1363 1368 1432 At

367 1503 450 1553 vero
464 1480 595 1564 Psyche
610 1487 707 1550 tanto
721 1487 863 1564 aspectu
885 1479 1059 1562 deterrita,
1073 1487 1110 1549 et
1124 1481 1233 1564 impos
1253 1480 1370 1562 animi,

367 1598 518 1670 marcido
532 1597 659 1681 pallore
674 1596 819 1679 defecta,
835 1604 1054 1680 tremensque
1069 1597 1200 1667 desedit
1225 1597 1261 1666 in
1284 1598 1371 1666 imos

368 1715 521 1799 poplites,
537 1721 573 1783 et
586 1715 719 1784 ferrum
734 1713 858 1797 quaerit
879 1712 1095 1796 abscondere,
1112 1713 1221 1783 sedin
1237 1735 1300 1782 suo
1316 1735 1371 1796 pe·

368 1840 471 1903 ctore.
503 1829 602 1911 Quod
627 1831 782 1914 protecto
811 1829 959 1912 fecisset,
990 1831 1054 1899 nisi
1085 1831 1229 1911 ferrum,
1251 1829 1373 1899 timore

369 1949 457 2019 tanti
472 1947 592 2031 flagitii
609 1947 766 2018 manibus
781 1948 971 2017 temerariis
995 1947 1173 2031 delapsum
1194 1947 1373 2016 evolasset.

371 2067 512 2148 Iamque
536 2065 635 2146 lassa,
661 2071 697 2134 et
723 2065 834 2134 salute
859 2064 1005 2146 detecta,
1021 2063 1103 2134 dum
1119 2064 1244 2147 saepius
1259 2063 1374 2132 Divini

369 2185 489 2252 vultus
503 2182 661 2252 intuetur
674 2181 973 2265 pulchritudinem,
989 2189 1164 2250 recreatur
1179 2181 1293 2250 animi.
1318 2180 1375 2250 Vi-

370 2299 428 2370 det
442 2299 564 2382 capitis
579 2298 675 2368 aurei
692 2299 862 2382 genialem
878 2299 1051 2368 caesariem
1076 2297 1245 2367 ambrosia
1267 2303 1377 2366 temu-

368 2417 509 2499 lentam,
525 2416 675 2485 cervices
689 2416 826 2497 lacteas,
843 2436 1018 2499 genasque
1034 2437 1236 2498 purpureas,
1262 2435 1375 2497 perer·

369 2540 487 2604 rantes
502 2533 648 2602 crinium
661 2533 790 2616 globos,
807 2533 974 2603 decoriter
997 2533 1188 2616 impeditos,
1210 2532 1295 2602 ahos
1315 2553 1374 2602 an·

368 2650 582 2734 tependulos,
609 2651 692 2720 alios
722 2649 990 2733 retropendulos,
1021 2671 1170 2733 quorum
1195 2649 1376 2732 splendore

368 2767 475 2837 nimio
489 2766 703 2850 fulgurante,
719 2774 755 2836 et
769 2767 883 2850 ipsum
898 2769 1014 2836 lumen
1025 2767 1174 2838 lucernae
1186 2765 1376 2836 vacillabat.

370 2883 437 2954 Per
450 2883 613 2953 humeros
628 2884 774 2954 volatilis
789 2884 851 2953 Dei
867 2906 989 2967 pennae
1010 2883 1152 2954 roscidae
1167 2906 1207 2953 ac
1222 2882 1377 2953 delicatae

368 3001 514 3070 tremule
543 3000 759 3083 resultantes,
789 3001 941 3084 inquiete
971 3001 1162 3071 lasciviunt.
1199 3000 1375 3070 Caeterum

369 3137 493 3200 corpus
507 3117 731 3200 glabellum¹⁰⁷
747 3123 852 3201 atque
867 3117 1091 3200 luculentum,
1107 3125 1143 3187 et
1159 3118 1259 3200 quale
1275 3139 1375 3200 pepe·

369 3233 454 3304 risse
482 3233 653 3303 Venerem
680 3255 749 3303 non
779 3235 972 3318 poeniteret.
1005 3235 1095 3304 Ante
1124 3235 1240 3304 lectuli
1270 3235 1375 3318 pedes

367 3349 500 3420 iacebat
514 3371 623 3432 arcus,
641 3356 676 3420 et
692 3351 864 3434 pharetra,
880 3359 916 3421 et
930 3351 1069 3435 sagittae
1086 3351 1202 3435 magni
1219 3351 1281 3421 Dei
1296 3373 1373 3435 pro-

372 3467 457 3551 pitia
470 3467 549 3536 tela.

483 3621 543 3670 uae
560 3600 643 3671 dum
657 3601 839 3672 insatiabili
853 3603 968 3672 animo
982 3602 1112 3686 Psyche
1139 3603 1222 3673 satis
1243 3603 1375 3673 curiose

370 3718 516 3796 rimatur
530 3727 635 3803 atque
650 3727 847 3801 pertractat,
862 3726 898 3789 et
912 3719 1027 3789 mariti
1041 3719 1094 3790 sui
1109 3721 1255 3790 miratur
1268 3742 1375 3803 arma,

368 3835 537 3918 depromit
552 3857 659 3905 unam
674 3835 717 3905 de
732 3835 895 3918 pharetra
919 3837 1090 3920 sagittam,
1105 3845 1141 3908 et
1156 3844 1284 3921 puncto
1306 3839 1376 3921 pol·

368 3951 441 4022 licis
454 3959 644 4021 extremam
659 3951 766 4021 aciem
777 3951 1056 4036 periclitabunda,
1069 3955 1247 4024 trementis
1257 3955 1375 4025 etiam·

475 4201 532 4264 107,
550 4201 688 4264 Glabrum,
701 4217 758 4255 non
770 4202 896 4269 pilosum,
912 4203 973 4256 eine
983 4203 1046 4270 pilis
1058 4209 1107 4257 aut
1118 4204 1246 4258 crinibus
