3554 5156
437 922 479 992 96
828 939 928 1004 aqua
951 937 1047 992 vnn

436 1105 572 1176 consilio
587 1106 761 1190 ingressus
775 1113 846 1189 est;
868 1113 904 1176 et
925 1127 1034 1189 quum
1057 1105 1087 1175 is
1109 1105 1153 1174 ad
1178 1104 1271 1174 viam
1295 1123 1437 1173 auream

435 1222 657 1306 pervenisset,
677 1245 829 1306 suusque
850 1243 960 1306 equus
983 1223 1132 1292 alterum
1156 1221 1277 1304 pedem
1302 1221 1337 1290 in
1359 1241 1435 1290 eam

435 1339 592 1422 levasset,
608 1339 739 1410 destitit
752 1361 830 1409 eam
845 1340 1149 1422 contemplaturus,
1164 1343 1201 1408 et
1214 1359 1323 1420 quum
1337 1336 1438 1406 vidis·

434 1463 487 1527 set
502 1478 607 1540 quam
617 1478 658 1527 ea
671 1463 761 1528 esset
775 1457 910 1539 eximia,
922 1457 970 1526 sic
981 1477 1098 1527 secum
1109 1456 1291 1539 cogitabat
1303 1453 1436 1539 “Quam

436 1581 527 1644 esset
547 1574 703 1657 iniquum
717 1573 746 1644 si
760 1574 980 1657 quidcunque
994 1595 1071 1644 eam
1085 1573 1229 1656 pedibus
1252 1573 1399 1644 calcaret
1407 1571 1436 1640 l’

524 1689 679 1773 Denique
693 1690 798 1760 etiam
820 1689 875 1761 hic
889 1711 926 1760 se
941 1689 1091 1773 divertit,
1107 1697 1212 1772 atque
1225 1711 1247 1760 a
1260 1691 1367 1760 latere
1386 1691 1441 1760 lae·

437 1829 482 1876 vo
496 1827 654 1890 prorsum
669 1807 846 1890 equitavit.
869 1807 915 1877 At
931 1806 1062 1890 vigiles,
1072 1827 1180 1890 quum
1188 1807 1242 1877 bic
1251 1806 1294 1877 ad
1304 1813 1438 1890 portam

437 1930 652 2008 pervenerat,
680 1945 761 1994 eum
789 1923 833 1994 ab
860 1924 1028 2008 ingressu,
1052 1924 1145 2007 quod
1167 1945 1236 1994 non
1259 1945 1364 1994 verus
1383 1924 1439 1994 ille

438 2041 554 2125 regius
567 2040 658 2110 filius
672 2047 772 2123 esset,
794 2041 1053 2124 prohibuerunt,
1068 2047 1104 2111 et
1118 2041 1163 2111 ad
1176 2040 1372 2112 abeundum
1385 2063 1439 2112 co-

441 2162 598 2242 egerunt.

520 2273 676 2344 Tandem
687 2293 790 2356 nunc,
802 2293 911 2356 quum
921 2293 1034 2344 annus
1043 2273 1177 2358 integer
1187 2276 1344 2358 expletus
1353 2281 1438 2358 erat,

437 2389 562 2460 tertius
576 2391 696 2471 trater,
712 2389 771 2472 qui
786 2389 873 2459 iram
900 2389 1007 2473 patris
1032 2397 1192 2460 metuens
1214 2411 1322 2474 usque
1346 2413 1439 2463 nunc

437 2508 473 2578 in
487 2506 592 2590 sylvis
606 2505 797 2588 delituerat,
813 2506 857 2576 ad
873 2507 1112 2589 requirendam
1126 2507 1255 2591 regiam
1270 2509 1440 2593 virginem

438 2624 501 2696 sibi
515 2623 765 2706 desponsatam,
781 2622 939 2705 prodivit.
968 2623 1052 2692 Eius
1074 2623 1258 2707 imaginem
1271 2625 1441 2696 'continuo

437 2741 474 2810 in
497 2739 611 2810 animo
631 2759 783 2821 versans,
809 2738 944 2809 iuvenis
966 2739 1032 2810 iter
1053 2761 1154 2810 suum
1168 2741 1440 2824 prosequebatur

438 2865 511 2930 tam
526 2855 625 2927 celeri
640 2877 744 2926 cursu
760 2863 891 2938 vectus,
907 2863 949 2926 ut
962 2857 1055 2926 viam
1069 2877 1212 2927 auream
1226 2880 1270 2928 ne
1289 2859 1439 2931 animad-

436 2980 589 3046 verteret
603 2971 750 3056 quidem,
766 2971 916 3043 sedeam
931 2973 999 3044 cito
1014 2974 1182 3056 percurrit
1190 2995 1200 3056 ;
1221 2982 1257 3045 et
1272 2997 1379 3058 quum
1396 2980 1440 3049 ad

436 3097 572 3176 portam
600 3089 728 3172 attigit,
754 3089 828 3159 haec
853 3090 940 3160 illico
965 3089 1190 3174 pandebatur,
1217 3091 1312 3175 regia
1342 3094 1440 3180 virgo

438 3229 518 3279 eum
545 3227 679 3277 summo
707 3204 834 3289 gaudio
859 3207 1001 3290 excepit,
1026 3215 1067 3277 ut
1092 3229 1195 3278 suum
1224 3208 1440 3282 liberatorem

437 3324 667 3397 consalutauit
688 3321 817 3405 pariter
830 3343 871 3394 ac
885 3345 987 3395 suum
1010 3325 1174 3394 maritum
1197 3325 1441 3413 dominumque

355 3533 361 3546 .
437 3443 491 3515 sui
505 3441 621 3525 regni:
643 3461 683 3511 ac
698 3439 812 3523 paullo
827 3447 905 3522 post
919 3449 956 3511 et
969 3442 1100 3524 nuptiae
1124 3441 1273 3526 opiparis
1297 3446 1441 3517 lautitiis

437 3558 619 3630 oelebratae
638 3562 729 3627 sunt.

523 3675 708 3756 Postquam
722 3673 797 3744 baec
811 3680 936 3745 crrncta
951 3673 1096 3744 feliciter
1117 3681 1215 3758 gesta
1238 3684 1328 3760 sunt,
1353 3700 1440 3749 uxor

438 3790 600 3862 narrabat
614 3790 763 3873 quodam
777 3790 833 3860 die
847 3789 970 3860 marito
991 3789 1109 3860 iuveni
1123 3812 1160 3860 se
1174 3791 1281 3862 tando
1294 3793 1441 3866 audivis-

436 3929 473 3980 se
487 3914 621 3992 patrem
635 3908 710 3978 eius
723 3908 860 3978 veniam
874 3907 1108 3991 proclamasse,
1122 3907 1356 3993 desiderioque
1366 3911 1442 3983 eius

438 4023 523 4096 adeo
547 4024 667 4106 teneri,
690 4029 733 4094 ut
755 4045 837 4094 eum
862 4023 1001 4095 domum
1015 4024 1132 4094 venire
1147 4026 1345 4108 postularet
1367 4027 1441 4100 Hoc

438 4139 566 4222 audito,
579 4139 670 4210 filius
684 4140 728 4210 ad
743 4139 925 4211 visendum
946 4161 1063 4224 regem
1086 4141 1221 4224 redivit,
1247 4149 1441 4228 cunctaque
