3554 5156
602 921 858 978 rursusnuoo
873 920 996 986 mour
1016 919 1143 974 ossum
1330 903 1372 974 69

368 1092 460 1164 oebit
475 1099 516 1162 ut
531 1107 645 1162 rosam
660 1112 737 1161 eam
759 1089 839 1160 filiae
861 1097 933 1160 tuae
957 1096 1044 1160 natu
1069 1088 1219 1159 minimae
1244 1088 1369 1159 badas.

372 1209 530 1282 Oblivisci
545 1215 662 1278 tumen
676 1207 787 1292 pretii,
804 1207 895 1291 quod
917 1207 1094 1278 soluturus
1114 1227 1161 1289 cs,
1187 1206 1266 1276 noli.
1289 1207 1372 1276 Post

371 1349 523 1398 mensem
538 1327 611 1396 sive
626 1332 666 1396 tu
681 1325 749 1395 eris
763 1346 871 1407 meus,
886 1325 958 1396 sive
973 1346 1057 1396 vero
1070 1345 1142 1394 unu
1156 1332 1296 1395 tuarum
1311 1323 1372 1394 fili·

370 1443 501 1515 ammo„

455 1559 608 1644 Sumpsit
621 1559 730 1644 igitur
745 1580 857 1629 rosam
871 1566 1039 1629 mercator
1053 1559 1200 1628 tremuli
1210 1578 1326 1640 manu,
1337 1563 1374 1626 et

370 1700 414 1750 ex
427 1679 528 1749 horto
542 1677 677 1760 effugit
689 1677 728 1746 ln
739 1697 820 1746 area
833 1676 969 1746 interna
982 1675 1115 1746 invenit
1127 1697 1228 1747 suum
1243 1695 1373 1758 equum

370 1795 530 1879 ephippio
542 1793 761 1875 instructum,
776 1813 881 1876 seque
896 1793 1161 1876 praestolantcm.
1177 1793 1315 1876 Equum
1336 1790 1373 1860 il-

369 1912 433 1983 lico
448 1909 654 1991 conscendit,
668 1917 704 1980 et
718 1908 893 1980 celerrime
909 1931 1013 1992 quam
1036 1915 1173 1993 poterat
1197 1907 1372 1992 abequita-

370 2029 431 2099 vit.
453 2029 504 2099 De
531 2028 589 2097 via
616 2048 756 2111 prorsus
785 2025 868 2097 nihil
893 2025 1042 2096 habebat
1067 2032 1290 2110 compertum,
1311 2025 1371 2095 sed

368 2167 480 2230 equus
494 2144 659 2214 instinctu
673 2144 792 2214 innato
806 2143 898 2213 viam
920 2143 1157 2227 praesagiebat,
1178 2149 1284 2227 atque
1304 2142 1372 2212 iam
1447 2197 1451 2205 .

369 2262 458 2334 circa
473 2263 713 2346 crepusculum
727 2269 809 2331 ante
823 2282 937 2332 cosam
952 2282 1050 2331 suam
1065 2283 1102 2331 se
1116 2261 1251 2344 reperit.

453 2379 582 2450 Audito
597 2379 712 2448 sonitu
726 2380 935 2462 ungulorum
951 2379 1040 2462 equi,
1054 2377 1149 2449 liberi
1165 2377 1218 2448 sui
1234 2377 1370 2447 obvium

367 2497 652 2568 eicucurrerunt.

453 2611 632 2695 “Quinam
654 2619 771 2683 noster
790 2622 898 2697 pater,
923 2635 979 2683 res
1006 2612 1067 2682 tibi
1090 2612 1369 2683 successeruntl''

369 2730 599 2816 quaeritabant
612 2729 681 2800 filii.

453 2846 620 2918 “Ubinam
650 2854 732 2916 sunt
760 2855 878 2918 nostra
906 2847 1120 2929 munuscula,
1151 2847 1367 2931 patercule'l”

367 2965 591 3036 clamitabant
605 2964 692 3035 filiae.

451 3080 590 3153 “Unum
603 3088 741 3151 tantum
757 3103 876 3152 eorum
898 3082 1038 3166 habeo‚'’
1054 3083 1228 3167 respondit
1242 3103 1368 3152 merco-

365 3209 432 3283 tor,
440 3198 554 3283 “quod
565 3220 699 3269 summo
709 3199 818 3282 pretio
826 3200 964 3282 redemi,
976 3201 1094 3270 maiori
1103 3202 1257 3284 profecto
1266 3221 1370 3282 quam

365 3319 542 3388 soluturus
556 3317 711 3399 fuissem,
727 3317 755 3386 si
768 3325 894 3387 cuncta
908 3317 1227 3399 praestinavissem,”
1244 3318 1371 3400 quibus

368 3433 467 3506 dictis
494 3435 688 3504 ostentabat
713 3457 826 3505 rosam
852 3457 955 3518 quam
979 3435 1203 3506 Pulchritudo
1223 3437 1372 3519 postula-

369 3559 478 3623 verat.

453 3665 566 3738 Liberi
580 3669 634 3738 sui
648 3668 741 3738 nullo
765 3675 867 3752 pacto
889 3669 1079 3753 perspicere
1105 3677 1266 3754 poterant
1288 3693 1371 3754 quo·

365 3805 449 3854 narn
463 3784 565 3855 modo
579 3784 748 3868 singulam
763 3807 876 3856 rosam
891 3794 988 3856 tmito
1012 3787 1122 3870 pretio
1142 3789 1371 3872 praestinavis·

367 3907 421 3972 set
429 3921 438 3982 ;
460 3901 602 3985 prohinc
617 3911 832 3986 rogaverunt
845 3911 979 3987 patrem
992 3910 1034 3974 ut
1048 3926 1188 3976 causam
1203 3905 1252 3977 rei
1268 3906 1370 3990 expli·

366 4027 471 4092 caret
494 4019 617 4090 Totam
632 4019 740 4104 igitur
754 4020 930 4092 historiam
951 4021 1114 4092 narravit.
1138 4023 1232 4094 Filiae
1246 4045 1319 4094 suae
1332 4024 1369 4093 in

367 4137 535 4222 bennum
563 4138 686 4208 solutae
716 4145 808 4220 sunt,
839 4139 1199 4223 reprehendebantque
1237 4149 1370 4225 patrem
