3540 5156
716 980 821 1036 nuos
842 981 891 1036 au
911 979 1047 1035 nsrcnu
1321 963 1383 1036 171

381 1151 417 1220 in
430 1151 512 1222 orbe
527 1157 601 1222 toto
615 1149 745 1221 felicior
759 1149 856 1220 vivit.
879 1147 1046 1220 Fortassis
1060 1155 1187 1231 tamen,
1202 1148 1386 1232 proceden-

382 1275 418 1338 te
438 1268 696 1350 consuetudine,
719 1273 756 1337 et
770 1267 952 1336 affectione
976 1266 1146 1350 roborata,
1171 1266 1279 1336 Deam
1302 1287 1385 1350 quo·

382 1408 450 1470 que
464 1387 558 1456 illam
573 1386 666 1456 Deus
681 1386 827 1455 maritus
840 1384 974 1454 efficiet.
989 1383 1043 1455 Sic
1059 1389 1122 1466 est,
1137 1383 1311 1465 Hercules,
1337 1383 1385 1454 sic

382 1525 418 1574 se
438 1503 591 1588 gerebat,
616 1501 830 1586 ferebatque.
852 1501 993 1572 Iamiam
1020 1522 1157 1572 sursum
1181 1500 1327 1584 respicit,
1349 1506 1384 1570 et

382 1621 489 1690 Deam
514 1620 622 1704 spirat
646 1619 806 1702 mulier,⁰⁶
829 1640 908 1703 quae
933 1639 1035 1688 voces
1059 1617 1197 1688 ancillas
1211 1617 1326 1699 habet,
1348 1623 1385 1688 et

380 1737 494 1808 ventis
500 1737 581 1821 ipsis
589 1737 744 1820 imperat.
755 1737 803 1806 At
817 1757 883 1820 ego
893 1737 1027 1819 misera,
1039 1735 1188 1818 primum
1198 1741 1296 1818 patre
1307 1756 1384 1804 meo

380 1856 548 1926 seniorem
564 1854 730 1925 maritum
745 1854 866 1924 sortita
893 1875 982 1936 sum,
996 1852 1084 1936 dein,
1111 1853 1288 1922 cucurbiti
1313 1853 1384 1936 gla-

381 1973 578 2056 briorem,et
587 1972 710 2056 quovis
720 1993 828 2056 puero
838 1971 1063 2055 pumiliorem‚
1072 1977 1232 2042 cunctam
1243 1970 1383 2040 domum

379 2090 463 2161 seris
476 2097 513 2159 et
526 2090 656 2160 catenis
670 2089 821 2160 obditam
836 2089 1117 2159 custodientem.”

458 2222 606 2307 Suscipit
620 2224 703 2294 alia:
720 2223 817 2308 “Ego
831 2246 914 2293 vero
924 2223 1087 2294 maritum
1095 2222 1268 2293 articulari
1277 2222 1381 2292 etiam

378 2341 497 2412 morbo
510 2342 776 2426 complicatum⁶⁷
797 2349 1059 2425 curvatumque,
1079 2341 1241 2423 sustineo,
1263 2360 1382 2423 quam-

378 2459 496 2529 obrem
504 2481 559 2529 me
567 2459 721 2543 negligit,
729 2460 930 2543 plerumque
939 2458 1134 2529 detortoset
1142 2457 1383 2528 duratosinla-

379 2576 492 2659 pidem
506 2576 632 2660 digitos
642 2577 715 2648 eius
725 2577 926 2660 perfricans,
936 2575 1099 2646 fomentis
1110 2575 1242 2659 olidis,⁶⁸
1252 2581 1289 2645 et
1299 2595 1381 2658 pan-

379 2692 458 2763 uis⁰⁹
472 2693 625 2776 sordidis,
648 2702 686 2764 et
709 2694 841 2764 foetidis
862 2693 1141 2777 cataplasmatis⁷⁰
1163 2713 1287 2762 manus
1309 2699 1381 2762 tum

477 2961 521 3015 66.
537 2962 636 3016 Mulier
648 2979 732 3030 quum
745 2963 790 3026 sit,
803 2979 832 3016 se
849 2963 905 3016 ism
924 2963 1010 3016 Deam
1036 2978 1096 3016 esse
1122 2963 1249 3025 effectam
1266 2960 1377 3030 spirat,

382 3045 439 3098 edit
451 3045 569 3108 odorem,
582 3046 692 3100 odorem
704 3047 777 3100 circs
789 3063 819 3101 se
831 3047 946 3114 spargit.

477 3128 519 3182 67.
536 3129 646 3184 Morbus
658 3131 835 3184 articulorum
846 3130 945 3197 pedum
958 3145 990 3184 sc
1002 3146 1141 3194 manuum,
1151 3131 1253 3185 Graecis
1267 3131 1381 3184 vocubu-

377 3211 413 3265 lis
430 3209 575 3280 podapra,
601 3211 754 3280 chiropro,
770 3229 831 3282 ques
842 3219 919 3266 artus
931 3213 1107 3277 contrahunt,
1128 3212 1315 3282 complicant,
1332 3214 1382 3280 pli·

378 3301 452 3358 cant,
464 3298 642 3360 convolvunt,
654 3299 810 3353 incurvent

477 3381 519 3434 68.
536 3379 715 3435 Postuertam
734 3389 777 3437 est
798 3385 929 3452 quidquid
949 3401 964 3438 e
985 3385 1107 3438 scintilla
1128 3384 1222 3451 iguem
1244 3383 1380 3449 concipit;

381 3464 449 3517 item
463 3464 490 3518 id
501 3465 573 3532 quod
586 3467 672 3528 fovet,
694 3467 812 3520 calorem
825 3469 914 3532 affert,
926 3469 968 3522 nti
982 3469 1135 3534 emplastra,
1149 3469 1300 3534 pulsaque
1317 3467 1382 3520 esli-

378 3548 425 3611 ds;
443 3549 566 3616 quedem
580 3551 726 3616 emplastra
738 3552 809 3604 male
820 3552 905 3615 olent,
918 3553 1029 3613 foeteut,
1041 3557 1106 3605 sunt
1117 3549 1207 3604 olida.

476 3632 519 3686 69.
535 3631 669 3696 Parentes,
693 3635 799 3701 proprie
824 3637 940 3690 materis
963 3636 1081 3689 vestium
1105 3641 1260 3688 nostrerum
1285 3635 1382 3688 exteri·

377 3731 454 3770 orum
466 3723 516 3780 est,
528 3733 560 3770 eo
573 3719 706 3772 vocabulo
719 3725 813 3772 tamen
825 3719 909 3773 etium
921 3725 1019 3780 vestes,
1031 3724 1079 3773 sut
1099 3725 1190 3786 partes
1206 3719 1325 3773 vestirnn
1343 3720 1380 3772 ls-

376 3815 459 3863 cerss,
479 3801 567 3863 tritas,
588 3807 729 3865 centones,
754 3803 797 3856 vel
818 3804 939 3857 abiectas
960 3819 992 3856 ac
1009 3803 1130 3856 sordidus
1146 3804 1330 3870 designemus,
1348 3809 1381 3856 ut

376 3883 431 3947 bic,
447 3884 581 3947 turundre,
594 3885 710 3948 lsciuiae,
724 3887 857 3953 ligaturae,
874 3887 973 3955 quibus
987 3887 1101 3940 vulnera
1114 3887 1271 3954 obligantur
1284 3887 1382 3955 pessum¹

379 3967 559 4034 appellantur.

476 4051 517 4104 70.
537 4051 742 4120 Cataplasma,
756 4053 838 4117 otis,
853 4069 893 4118 n..
909 4057 954 4110 vel
971 4058 1055 4112 etism
1076 4071 1161 4120 onus,
1175 4056 1207 4119 -s',
1219 4062 1251 4110 ut
1263 4057 1317 4120 hic,
1339 4061 1382 4110 est

378 4135 447 4201 puls,
461 4135 646 4202 emplastrum,
661 4138 733 4205 quod
746 4139 906 4193 vulneribus
916 4141 1056 4206 applicent
1073 4148 1101 4195 et
1120 4141 1239 4208 illigant
1261 4140 1322 4203 -iis,
1338 4146 1381 4195 est

381 4224 523 4272 contracta
535 4221 626 4274 forme
638 4237 686 4288 pro
699 4221 956 4290 cataplasmatibus.
