3522 5156
428 945 471 1014 48
690 958 945 1014 rumnmruno
966 957 1167 1012 corsorum

427 1127 643 1198 carbunculis
668 1127 779 1197 insitis
793 1126 925 1197 decora.
947 1125 996 1197 Ut
1017 1147 1100 1196 vero
1126 1124 1337 1196 discumbere
1363 1146 1429 1194 coe-

428 1250 560 1328 perant,
573 1264 689 1314 senem
703 1243 794 1313 diam
805 1245 964 1313 conclave
973 1243 1102 1313 intrare
1113 1241 1430 1312 animadverterunt

428 1382 508 1446 quae
532 1361 576 1430 ad
599 1360 796 1431 convivium
820 1360 968 1430 invitata
990 1382 1058 1431 non
1083 1366 1167 1442 erat,
1190 1358 1281 1442 quod
1304 1359 1428 1429 turrim

429 1499 537 1560 suam,
553 1498 657 1560 quam
685 1476 864 1559 incolebat,
877 1499 939 1560 per
954 1475 1206 1560 quinquaginta
1232 1497 1340 1546 annos
1359 1496 1429 1545 non

429 1595 624 1678 reliquerat,
638 1594 731 1664 unde
746 1593 820 1663 sive
835 1600 982 1676 mortua,
998 1593 1070 1663 sive
1084 1591 1253 1664 fascinata
1267 1613 1341 1663 esse
1356 1593 1431 1663 vul-

429 1734 474 1796 go
498 1709 766 1781 existimabatur.
797 1711 871 1780 Rex
894 1709 1034 1794 quidem
1056 1709 1156 1780 iussit
1182 1709 1377 1780 accubitum
1399 1710 1429 1780 ei

335 1885 338 1890 .
428 1829 585 1914 protinus
599 1828 766 1911 apparari,
782 1849 888 1897 aurea
911 1833 1028 1898 tamen
1053 1847 1182 1897 mensae
1206 1827 1368 1911 supellex,
1390 1833 1430 1897 ut

428 1946 577 2030 reliquis,
592 1944 684 2028 quod
698 1952 830 2030 septem
843 1944 966 2016 diabus
980 1943 1124 2015 totidem
1153 1944 1227 2014 fieri
1252 1944 1355 2015 iussae
1380 1967 1430 2015 es·

428 2080 514 2146 sent,
543 2062 575 2132 ei
601 2061 753 2164 praeponi
776 2083 846 2132 non
871 2068 1015 2145 poterat.
1042 2060 1169 2132 Vetula
1191 2061 1308 2144 itaque
1323 2061 1380 2132 dia
1394 2083 1430 2132 se

427 2179 541 2265 sperni
556 2177 782 2261 existimabat,
797 2178 1020 2262 quamobrem
1035 2199 1152 2248 secum
1173 2178 1283 2248 minas
1303 2178 1430 2248 mutire

430 2295 644 2367 audiebatur.
671 2293 787 2378 Quum
809 2294 872 2364 has
892 2295 1002 2364 minas
1027 2294 1083 2364 dia
1106 2293 1238 2365 iuvenis
1263 2294 1295 2365 ei
1319 2293 1432 2365 vicina

429 2412 572 2483 auribus
586 2410 785 2495 excepisset,
800 2411 972 2495 suspicata
986 2417 1040 2480 est
1062 2411 1223 2481 futurum
1249 2417 1290 2480 ut
1312 2413 1431 2482 vetula

429 2533 526 2612 saga²
541 2528 658 2610 Regiae
672 2527 801 2598 Filiolae
814 2527 941 2611 aliquid
955 2528 1100 2599 infausti
1114 2533 1219 2611 atque
1232 2528 1360 2599 horridi
1374 2529 1432 2598 do·

428 2645 465 2716 ni
479 2646 551 2715 loco
566 2643 720 2726 infligere
733 2645 968 2728 meditaretur,
984 2644 1240 2728 quamprimum
1266 2667 1287 2714 a
1313 2666 1431 2716 mensa

429 2763 614 2834 discessum
629 2768 713 2843 erat,
728 2762 920 2832 clanculum
943 2761 1090 2844 secessit,
1105 2783 1210 2845 seque
1225 2784 1313 2845 pone
1327 2763 1429 2834 aulae·

430 2901 491 2950 um
506 2877 701 2949 recondidit.
725 2878 797 2949 Hoc
812 2886 929 2949 autem
944 2879 1019 2950 ideo
1040 2879 1133 2963 fecit,
1149 2886 1191 2949 ut
1205 2879 1279 2962 ipsa
1300 2888 1429 2964 postre-

429 3017 487 3067 ma
499 2996 535 3066 in
550 2995 753 3078 alloquendo
767 2996 874 3079 sequi,
888 3003 925 3066 et
939 2996 996 3079 sic,
1012 2996 1122 3081 siquid
1137 2996 1283 3067 infausti
1296 3018 1318 3066 a
1331 3005 1431 3068 vetu-

430 3114 464 3184 la
478 3113 586 3197 striga
600 3118 776 3196 patratum
791 3119 891 3196 esset,
906 3113 989 3196 ipsa,
1009 3113 1120 3196 quoad
1136 3120 1260 3197 posset,
1275 3136 1432 3199 compen·

431 3238 522 3303 saret
537 3252 577 3300 ac
591 3231 756 3301 damnum
771 3236 957 3313 repararet.

511 3517 535 3568 2.
549 3513 637 3580 Saga,
655 3529 700 3578 -ar,
716 3515 811 3581 striga,
823 3517 924 3578 vetula,
938 3531 1020 3568 senex
1033 3517 1138 3569 mulier.
1157 3515 1255 3568 Paucis
1268 3517 1374 3569 saeculis
1386 3533 1432 3570 an-

431 3605 460 3654 te
472 3599 595 3666 quaedam
604 3597 770 3651 muliercula
787 3615 865 3652 senes
878 3598 1062 3662 credebantur,
1078 3615 1111 3652 ex
1123 3599 1227 3652 foedere
1235 3615 1297 3652 curn
1309 3599 1432 3663 diabolis,

430 3684 471 3736 ita
480 3699 590 3749 sagaces
601 3697 659 3735 esse
673 3681 759 3746 (unde
769 3683 894 3748 nomen),
907 3688 939 3736 ut
954 3684 1014 3736 fata
1026 3683 1199 3749 ¹lproescirent,
1225 3689 1253 3736 et
1270 3683 1331 3736 ideo
1356 3699 1433 3738 voca·

431 3769 531 3821 bantur
544 3765 706 3828 “fatidicae,”
728 3766 814 3820 oculis
833 3767 976 3830 fascinare,
998 3767 1174 3834 egritudines
1197 3767 1328 3833 infligere,
1353 3775 1433 3835 potus

431 3865 568 3904 amorosos
591 3865 621 3902 ac
646 3864 754 3902 venena
775 3849 896 3912 miscere,
913 3851 1004 3904 verbis
1024 3856 1052 3904 et
1072 3850 1304 3904 incantationibus
1325 3851 1432 3916 fluctus,

432 3937 609 3994 terremotus,
632 3933 766 3995 incendia,
783 3933 967 3998 pestilentiam
979 3934 1114 3997 inducere,
1129 3940 1156 3988 et
1168 3933 1201 3987 ad
1213 3939 1361 3988 nocturnos
1372 3951 1433 3990 con-

431 4021 532 4070 ventus
549 4015 702 4070 daemonum
722 4015 871 4069 manubriis
893 4033 1034 4083 scoparum
1051 4015 1201 4071 insidentes
1211 4032 1259 4083 per
1271 4032 1327 4069 aera
1337 4033 1434 4074 convo-

431 4101 495 4154 lare.
518 4098 646 4152 Centenae
663 4098 761 4151 harum
781 4098 948 4152 misellamm
968 4101 1112 4153 mulierum
1130 4116 1163 4153 ex
1182 4101 1278 4167 ignaro
1296 4107 1324 4154 et
1346 4101 1434 4158 inscio

432 4183 581 4237 imatismo
594 4181 718 4244 flammis,
730 4181 900 4248 inspectante
916 4185 1022 4251 populo,
1040 4185 1187 4238 combusto
1207 4185 1399 4241 interlveruut.
