3540 5156
677 1007 782 1061 nuos
802 1007 848 1060 ur
868 1007 1005 1061 esicus
1278 987 1340 1060 197

337 1197 399 1260 spe
414 1176 532 1246 salutis
545 1175 707 1259 deposita,
722 1175 769 1246 sic
782 1175 856 1258 ipsa
870 1197 950 1246 suas
974 1177 1198 1259 cogitationes
1220 1198 1342 1247 consu·

341 1293 423 1364 luit:
447 1293 542 1364 “Iam
556 1315 636 1378 quae
650 1300 793 1376 possunt
807 1293 890 1363 alias
910 1294 995 1364 meis
1017 1295 1182 1365 aerumnis
1204 1294 1342 1376 tentari,

342 1411 397 1482 vel
413 1411 565 1482 adhiben
581 1411 739 1493 subsidia,
753 1411 808 1481 cui
823 1433 885 1482 nec
897 1412 1047 1482 Dearum
1063 1412 1212 1496 quidem,
1224 1433 1342 1496 quam·

340 1551 446 1613 quam
459 1529 658 1612 volentium,
674 1536 862 1612 potuerunt
876 1529 1035 1612 prodesse
1050 1529 1233 1613 suffragia?
1264 1528 1340 1613 Quo

342 1668 482 1717 rursum
495 1647 622 1730 itaque,
636 1647 742 1716 tantis
756 1647 886 1730 laqueis
900 1648 1040 1730 inclusa,
1066 1647 1213 1730 vestigia
1238 1647 1343 1730 porri·

342 1764 440 1848 gam?
455 1763 649 1848 quibusque
664 1765 773 1845 tectis,
791 1765 843 1834 vel
859 1764 963 1833 etiam
987 1763 1148 1846 tenebris,
1171 1763 1346 1834 abscondi·

340 1889 390 1964 ta,
404 1903 540 1964 magnae
554 1881 696 1952 Veneris
710 1880 922 1951 inevitabiles
931 1882 1047 1951 oculos
1061 1881 1243 1964 effugiam?
1255 1881 1345 1964 Quin

342 1998 452 2081 igitur
471 1997 645 2068 firmatum
669 1998 808 2068 tandem
833 1999 939 2068 sumis
964 1999 1117 2069 animum
1142 2005 1177 2068 et
1201 2001 1345 2069 cassae¹⁶l

339 2117 489 2200 speculae
503 2116 680 2186 renuntias
693 2115 839 2197 fortiter,
854 2121 890 2186 ct
905 2116 1135 2185 ultroneaml'⁸
1149 2121 1184 2184 te
1199 2113 1345 2185 dominae

340 2239 414 2302 tuae
438 2231 560 2315 reddis,
586 2239 622 2302 et
646 2233 702 2302 vel
728 2235 804 2301 serat
819 2232 986 2302 modestia
1000 2232 1182 2302 saevicntes
1195 2231 1345 2314 impetus

342 2349 418 2419 eius
433 2349 590 2432 mitigas?
605 2350 671 2433 Qui
686 2349 781 2432 scias,
796 2371 840 2418 an
854 2349 968 2431 etiam,
981 2370 1084 2433 quem
1098 2347 1157 2419 diu
1173 2347 1345 2432 quaeritas,

339 2465 418 2548 illic,
428 2443 469 2536 in
484 2467 584 2536 domo
598 2465 717 2536 matris
738 2465 926 2549 reperias?”

427 2582 481 2653 Sic
496 2582 539 2652 ad
554 2583 697 2653 dubium
713 2583 925 2666 obsequium,
950 2582 1019 2652 imo
1035 2583 1079 2652 ad
1093 2589 1226 2652 certum
1249 2581 1346 2650 exiti·

341 2722 415 2782 um,
430 2705 632 2783 praeparata,
646 2699 849 2783 principium
864 2700 997 2769 iuturae
1019 2721 1134 2769 secum
1159 2697 1346 2769 meditaba-

341 2825 403 2890 tur
416 2817 665 2914 obsecrationis.

429 2936 476 3005 At
489 2938 614 3016 Venus,
622 2935 768 3004 terrenis
778 2934 935 3005 remediis
944 2933 1171 3016 inquisitionis
1181 2933 1347 3017 abnuens,

343 3054 469 3124 coelum
483 3053 579 3136 petit.
602 3051 703 3122 Iubet
716 3052 868 3122 construi
892 3073 1045 3133 currum,
1061 3050 1207 3134 quernei
1222 3051 1346 3122 Vulca-

342 3193 411 3242 nus
425 3169 540 3240 subtili
554 3169 687 3239 fabrica
701 3168 853 3239 studiose
868 3169 1046 3252 poliverat,
1060 3174 1096 3237 et
1110 3174 1191 3238 ante
1205 3166 1347 3238 thalami

343 3289 578 3359 rudimentum
602 3288 755 3370 nuptiale
771 3308 900 3356 munus
913 3287 1087 3357 obtulerat
1100 3285 1190 3356 limae
1204 3291 1349 3355 tenuan-

340 3405 390 3476 tis
402 3404 646 3475 detrimento¹³⁹
673 3403 903 3488 conspicuum,
932 3409 969 3474 et
996 3403 1102 3486 ipsius
1125 3401 1200 3472 auri
1222 3401 1347 3472 damno

342 3521 539 3606 pretiosum.
569 3521 619 3591 De
649 3521 776 3604 multis,
805 3541 884 3604 quae
911 3519 1000 3590 circa
1025 3517 1220 3590 cubiculum
1242 3517 1348 3588 dorni·

342 3661 399 3710 nae
414 3638 599 3721 stabulant,
613 3637 803 3722 procedunt
824 3644 972 3720 quatuor
992 3635 1146 3707 candidae
1169 3635 1346 3718 columbae,

341 3763 380 3828 et
408 3755 525 3826 hilaris
550 3755 736 3826 incessibus
763 3755 855 3838 picta
879 3754 964 3824 colla
989 3758 1200 3837 torquentes,
1224 3751 1348 3836 iugum

446 3989 504 4043 1³7.
519 3988 646 4042 Parvula
656 3989 714 4055 spel
726 4003 815 4042 vanae.
838 3993 841 3999 '

448 4073 505 4126 138.
521 4071 562 4125 Te
573 4071 768 4134 voluntarium.
780 4076 830 4125 tua
842 4075 947 4138 sponte,
958 4071 1042 4124 ultro.

446 4155 504 4210 1³9.
521 4155 598 4220 Quod
610 4155 731 4210 limando
756 4154 791 4208 de
809 4154 922 4209 mentio
942 4159 992 4208 aut
1013 4153 1091 4221 liquo
1110 4153 1250 4215 deteritur,
1267 4152 1349 4207 detri-

344 4243 476 4294 mentum
487 4245 538 4302 est,
550 4239 654 4306 prunus
666 4253 763 4294 scum
775 4238 908 4293 vocabuli.
