3518 5152
436 945 500 1016 124
822 961 905 1018 satu
925 959 1062 1018 orosius

434 1126 532 1211 mosi,
547 1127 607 1212 qui
621 1127 666 1200 ad
679 1129 881 1201 felicitatem
894 1129 957 1203 sibi
970 1129 1159 1214 parandam
1168 1136 1308 1202 tautum
1318 1136 1437 1202 coutu-

435 1245 532 1329 lerat,
556 1245 644 1318 mire
669 1246 859 1320 radiabant
881 1247 960 1332 Ipsa
980 1269 1017 1319 se
1029 1247 1066 1318 in
1080 1247 1153 1320 dies
1166 1247 1199 1318 ei
1212 1246 1349 1319 arctiori
1364 1247 1437 1318 vin·

434 1361 511 1434 culo
539 1363 704 1436 devinciri
732 1365 849 1437 sensit
885 1364 925 1450 O,
955 1372 1166 1451 quantopere
1200 1365 1363 1451 cupiebat
1390 1363 1437 1436 illi

434 1501 554 1552 omues
567 1481 673 1552 animi
694 1504 842 1568 angores
863 1490 970 1567 atque
994 1483 1167 1556 cruciatus
1190 1482 1378 1566 confidere;
1399 1488 1437 1553 at

433 1597 609 1670 silentium
630 1600 693 1671 sibi
718 1600 981 1672 custodiendum
1001 1607 1093 1683 erat;
1114 1599 1237 1684 eloqui,
1258 1599 1366 1670 donec
1386 1605 1436 1670 to·

434 1721 511 1788 tum
526 1739 614 1802 opus
633 1718 844 1801 absolvisset,
862 1721 894 1790 ci
909 1719 1040 1791 licitum
1065 1739 1134 1790 nou
1160 1725 1244 1789 erat.
1273 1717 1330 1789 Ad
1350 1737 1437 1802 opus

433 1834 542 1918 igitur
556 1836 825 1921 accelerandum,
839 1835 1032 1908 clanculum
1048 1857 1185 1920 quaque
1207 1843 1307 1907 nocte
1331 1835 1436 1906 intra·

434 1951 488 2021 vit
500 1952 695 2024 cubiculum
710 1954 905 2038 inspeciem
915 1953 1008 2024 autri
1017 1952 1240 2035 instructum;
1256 1951 1323 2023 illic
1333 1951 1436 2036 operi,

433 2068 621 2140 subuculas
635 2071 777 2155 parandi
793 2093 829 2143 se
844 2071 1000 2154 accinxit,
1014 2077 1255 2142 verumtamen
1270 2091 1380 2154 quum
1392 2069 1436 2138 ad

434 2187 614 2271 septimam
629 2189 832 2260 subuculam
857 2187 1044 2273 parandam
1066 2188 1287 2273 pervenisset,
1312 2187 1438 2271 reperit

435 2327 472 2376 se
486 2312 600 2376 totum
614 2327 718 2377 suum
733 2329 825 2390 peuu
840 2306 1047 2378 exhausisse.

518 2441 604 2512 Eam
618 2440 756 2512 iuterim
769 2463 839 2512 non
854 2441 1050 2524 praeteribat
1071 2441 1209 2523 urticas,
1224 2441 1351 2524 quibus
1362 2441 1444 2526 ipsa

432 2559 568 2644 egebat,
583 2559 620 2630 in
633 2559 824 2644 sepulcrcto
850 2559 1031 2644 procreari,
1045 2560 1105 2631 sed
1119 2581 1258 2632 neccsse
1282 2565 1436 2631 crateae

433 2677 579 2762 propriis
592 2677 703 2762 colligi
717 2677 893 2761 manibus;
909 2679 969 2762 uui
983 2699 1077 2749 nunc
1090 2679 1197 2763 possit
1223 2699 1282 2749 eas
1302 2698 1437 2761 compa·

435 2795 555 2866 rarei”

519 2909 641 2994 “Quid,
672 2933 729 2983 me
753 2911 883 2996 Castor,
907 2912 1039 2984 dolores
1060 2933 1228 2984 manuum
1253 2919 1337 2983 sunt
1357 2933 1437 2984 cum

433 3028 589 3101 cruciatu
603 3028 707 3100 animi
721 3031 788 3100 mei
803 3030 1028 3114 comparatil”
1043 3030 1220 3115 quaercbat
1233 3029 1295 3102 abs
1308 3051 1355 3101 se

518 3163 677 3236 “Audere
692 3186 747 3236 mc
764 3166 936 3250 oportebit
950 3168 1199 3250 speculcrctum
1213 3165 1324 3248 adire;
1346 3165 1439 3238 Deus

432 3283 488 3355 ille
503 3283 664 3367 Optimus
677 3289 713 3353 et
728 3283 908 3367 Maximus,
923 3285 1070 3355 tutelam
1084 3305 1194 3366 suam,
1209 3281 1352 3365 conlido,
1367 3305 1436 3354 non

434 3400 608 3484 negabit”

518 3517 657 3601 Pavido,
673 3518 742 3589 acsi
755 3518 838 3603 quid
849 3519 994 3604 improbi
1008 3519 1198 3601 moliretur,
1213 3519 1364 3604 quadam
1378 3541 1438 3590 no·

433 3643 499 3718 cte,
526 3637 610 3707 luna
634 3635 768 3718 illustri,
793 3637 917 3707 furtim
940 3637 976 3708 in
997 3638 1138 3708 hortum
1151 3637 1310 3723 derepsit,
1331 3645 1437 3722 atque

434 3761 532 3824 trans
546 3755 667 3838 longas
680 3752 776 3825 urbis
790 3755 921 3839 plateas
941 3755 1081 3827 devenit
1094 3757 1130 3827 in
1145 3756 1238 3826 viam
1252 3755 1438 3827 solitariam

433 3872 469 3942 in
496 3873 727 3956 sepulcretum
754 3872 946 3943 ducentem.
976 3873 1048 3944 Illic
1076 3873 1374 3945 animadvertebat
1401 3875 1437 3944 in

433 3989 583 4074 quodam
597 3990 789 4074 largissimo
803 3989 1007 4074 cipporum¹⁰
1019 4012 1089 4062 non
1103 4012 1231 4075 paucas
1255 3991 1373 4063 sedere
1388 4013 1438 4063 se·

537 4209 577 4262 16.
597 4205 724 4276 cippus,
740 4207 771 4272 ·s',
788 4209 873 4274 palus,
886 4209 997 4270 sublics,
1010 4211 1112 4272 vallus;
1130 4210 1160 4262 in
1181 4211 1332 4277 sepulcreto
1345 4214 1436 4263 autem
