3540 5156
420 938 482 1010 178
753 954 857 1008 nuos
878 954 924 1007 ss
945 953 1084 1008 rsuouu

419 1141 496 1190 sum
510 1142 588 1191 rara
602 1119 735 1190 canitie.
749 1120 822 1190 Nec
836 1120 872 1189 in
887 1141 1043 1189 sermone
1065 1121 1131 1189 isto
1152 1119 1326 1189 tantillum
1349 1142 1419 1190 mo·

418 1245 504 1320 rata,
519 1259 657 1308 rursum
672 1237 818 1322 opiparis
832 1237 1033 1308 muneribus
1043 1259 1101 1308 eas
1111 1244 1261 1321 onustas,
1275 1246 1419 1309 ventoso

418 1355 575 1425 vehiculo
590 1355 711 1425 reddit.
731 1354 798 1426 Sed
813 1355 897 1425 dum
921 1355 1067 1438 Zephyri
1091 1356 1275 1438 tranquillo
1297 1356 1419 1439 spin'tu

417 1472 609 1543 sublimatae
622 1473 762 1543 domum
776 1473 932 1555 redeunt,
947 1473 994 1542 sic
1009 1495 1125 1542 secum
1138 1475 1366 1544 altercantur:

504 1588 626 1672 “Quid,
641 1612 745 1671 soror,
767 1589 911 1659 dicimus
934 1590 976 1660 de
998 1597 1070 1659 tam
1095 1598 1286 1661 monstroso
1310 1593 1420 1662 tatuae

418 1707 508 1778 illius
523 1708 721 1778 mendacio?
736 1708 833 1777 Tunc
848 1707 1050 1789 adolescens,
1065 1707 1165 1777 modo
1180 1707 1315 1778 florenti
1325 1709 1421 1780 lanu-

418 1825 497 1908 gine
513 1825 653 1894 barbam
666 1825 848 1907 instruens,
870 1846 962 1894 nunc
988 1832 1091 1894 aetate
1114 1825 1236 1907 media,
1261 1827 1421 1897 candenti

416 1942 540 2012 canitie
556 1943 698 2012 lucidus.
716 1942 800 2026 Quis
813 1942 878 2025 ille,
893 1964 997 2025 quem
1019 1942 1182 2025 temporis
1203 1943 1326 2014 modici
1347 1967 1422 2029 spa·

417 2060 505 2129 tium
520 2059 700 2143 repentina
713 2066 851 2129 senecta
863 2059 1087 2130 reformavit?
1101 2060 1158 2129 Nil
1168 2061 1260 2131 aliud
1273 2063 1422 2145 reperies

418 2199 497 2246 mea
511 2199 616 2258 soror,
631 2197 736 2258 quam
750 2178 805 2246 vel
820 2176 1035 2246 mendacium
1049 2176 1149 2245 istam
1160 2178 1343 2260 pessimam
1357 2181 1422 2250 foe·

419 2295 547 2363 minam
578 2293 783 2376 confingere,
812 2295 867 2362 vel
892 2294 1041 2362 formam
1069 2294 1184 2363 mariti
1205 2295 1258 2364 sui
1280 2297 1421 2366 nescire.

418 2411 573 2494 Quorum
589 2418 708 2480 utrum
724 2432 847 2480 verum
861 2418 922 2494 est,
945 2410 1066 2492 opibus
1078 2410 1153 2480 istis
1167 2413 1421 2496 quamprimum

418 2527 677 2596 exterminanda
703 2535 764 2596 est.
791 2527 917 2610 Quodsi
944 2527 1010 2596 viri
1036 2528 1090 2596 sui
1117 2529 1243 2598 taciem
1274 2529 1420 2614 ignorat,

422 2645 503 2725 Deo,
518 2645 683 2726 protecto,
698 2644 868 2727 denupsit,
880 2650 916 2712 et
926 2645 1053 2726 prolem
1067 2645 1179 2713 Deum
1190 2646 1288 2715 nobis
1302 2648 1421 2728 pariet.

418 2761 519 2831 Certe
536 2761 563 2830 si
578 2761 694 2832 Divini
707 2761 820 2845 puelli,
836 2760 928 2844 quod
943 2760 1042 2844 absit,
1057 2761 1130 2831 haec
1144 2771 1255 2832 mater
1269 2764 1344 2846 erit,
1356 2772 1422 2834 sta·

417 2879 481 2946 tim
506 2900 561 2947 me
584 2879 705 2961 laqueo
728 2878 831 2947 nexili
856 2878 1073 2961 suspendam.
1101 2879 1192 2963 Ergo
1215 2879 1352 2950 interim
1378 2881 1421 2950 ad

418 3001 579 3077 parentes
591 3003 726 3064 nostros
740 2994 931 3077 redeamus,
946 3002 981 3065 et
995 2995 1134 3065 exordio
1145 2998 1309 3068 sermonis
1320 2999 1423 3068 huius

418 3133 522 3195 quam
538 3111 729 3181 concolores
743 3112 894 3181 fallacias
907 3113 1134 3181 attexamus.”

504 3228 557 3298 Sic
572 3229 803 3312 inflammatae,
818 3229 1019 3312 parentibus
1039 3230 1256 3300 fastidienter
1279 3233 1423 3314 appella-

419 3345 475 3426 tis,
491 3353 527 3414 et
542 3353 642 3414 nocte
657 3345 805 3415 turbatis
819 3345 947 3428 vigiliis
961 3345 1104 3428 perdita,
1120 3348 1291 3416 matutino
1306 3370 1425 3431 scopu-

419 3463 493 3532 lum
508 3465 698 3545 pervolant,
714 3469 749 3532 et
764 3462 842 3532 inde
858 3463 946 3532 soliti
961 3463 1057 3532 venti
1070 3464 1227 3546 praesidio
1242 3465 1422 3535 vehemen-

421 3586 475 3648 ter
490 3579 662 3663 devolant,
678 3580 902 3662 lacrymisque
923 3583 1083 3662 pressura
1096 3581 1335 3664 palpebrarum
1350 3605 1422 3652 coa·

421 3697 494 3778 ctis,
509 3695 573 3764 hoc
588 3703 666 3765 astu
681 3695 830 3778 puellam
847 3697 1038 3779 appellant:

505 3810 580 3882 “Tu
596 3812 734 3895 quidem
749 3813 844 3896 felix,
860 3819 896 3882 et
920 3813 995 3894 ipsa
1016 3813 1106 3882 tanti
1129 3815 1208 3884 mali
1230 3815 1424 3898 ignorantia

420 3927 532 4010 beata,
549 3929 647 3998 sedes
660 3929 830 3999 incuriosa
854 3929 994 4013 pen'culi
1018 3929 1082 4013 tui,
1108 3950 1170 4000 nos
1194 3939 1322 4015 autem,
1346 3954 1425 4015 quae

422 4045 578 4129 pervigili
601 4069 684 4116 cura
707 4047 810 4116 rebus
834 4046 905 4116 tuis
926 4045 1145 4130 excubamus,
1174 4048 1326 4118 cladibus
1356 4049 1425 4118 tuis

421 4162 544 4233 misere
558 4164 760 4234 cruciamur.
772 4164 840 4234 Pro
854 4185 937 4233 vero
951 4184 1101 4246 namque
1116 4165 1350 4250 comperimus,
1362 4187 1425 4237 nec
