3554 5156
547 1003 795 1060 pumannum
810 1002 1072 1068 reposuissem
1270 985 1311 1058 77

313 1173 358 1244 ad
372 1173 489 1244 lumen
512 1172 699 1244 ardendum
720 1171 923 1258 appellabat
944 1171 1070 1244 Nullus
1093 1171 1198 1243 venit.
1220 1171 1312 1243 'lum

314 1291 429 1362 oculos
442 1289 542 1374 plene
555 1290 676 1375 aperit,
690 1311 796 1374 seque
809 1289 845 1360 in
860 1290 947 1360 lecto
968 1289 1013 1360 ad
1035 1289 1223 1361 sedendum
1247 1289 1312 1360 eri·

314 1409 376 1494 pit
397 1407 442 1480 Se
466 1407 501 1477 in
526 1407 683 1479 cubiculo
708 1407 844 1493 reperit,
868 1407 905 1478 in
930 1428 999 1491 quo
1024 1414 1126 1477 antea
1140 1407 1210 1476 fuit
1223 1428 1311 1478 nun·

314 1547 428 1610 quam.
442 1527 490 1596 At
502 1525 630 1596 circum
643 1546 679 1596 se
700 1525 736 1594 in
761 1525 831 1595 solo
855 1525 1013 1595 iacebant
1038 1526 1091 1594 sui
1116 1523 1203 1607 risci,
1225 1545 1313 1608 quos

314 1644 388 1716 heri
402 1643 614 1714 munusculis
627 1642 746 1726 plenos
758 1647 1015 1712 convasaverat.
1037 1641 1135 1711 Tunc
1149 1641 1313 1713 memoria

314 1760 432 1834 annuli
447 1760 510 1830 sibi
525 1758 651 1842 incidit,
673 1757 765 1829 unde
780 1780 818 1829 se
832 1757 923 1830 domi
946 1779 1020 1828 esse
1042 1757 1210 1830 intellexit
1230 1781 1312 1831 suae.

315 1877 452 1964 Utique,
467 1875 578 1959 modo,
593 1875 652 1946 ubi
666 1883 836 1946 mercator
849 1875 918 1946 iam
928 1875 1055 1946 iterum
1065 1876 1187 1960 opibus
1196 1877 1313 1949 afflue·

314 1995 384 2079 bat,
398 2013 513 2065 casam
527 2013 624 2063 suam
638 1991 674 2060 in
689 1993 786 2075 sylva
802 1991 962 2063 mutavit.

397 2109 440 2182 Se
453 2109 567 2193 itaqae
579 2107 692 2180 induit
706 2115 812 2192 atque
826 2109 861 2178 in
876 2109 1131 2194 pedeplanum1³
1152 2110 1311 2184 decurrit.

315 2226 498 2300 Domestici
512 2225 576 2309 sui,
591 2247 667 2297 eam
693 2247 803 2310 quum
825 2236 1087 2311 conspexerunt,
1111 2229 1214 2301 fidem
1234 2251 1312 2314 pro-

314 2346 397 2431 priis
410 2345 517 2416 oculis
530 2365 599 2414 non
614 2343 820 2414 habuerunt.
841 2342 1015 2416 Sescentis
1029 2367 1106 2416 eam
1120 2346 1315 2431 quaestioni·

314 2463 380 2536 bus
403 2461 598 2546 fatigarunt
620 2460 703 2544 quin
728 2461 899 2545 responsis
920 2461 1102 2534 reddendis
1125 2463 1156 2534 ei
1181 2486 1313 2536 moram

314 2579 575 2661 oonoessissent3
597 2599 705 2662 quum
720 2599 803 2649 vero
818 2579 922 2649 riscos
936 2601 1016 2650 suos
1030 2588 1224 2664 reserasset,
1237 2604 1313 2653 mu·

314 2719 465 2782 ueraque
481 2717 597 2768 secum
611 2696 715 2766 allata
728 2695 778 2766 eis
791 2695 1010 2779 exhibuisset,
1025 2719 1143 2768 omnes
1164 2699 1313 2786 attoniti,

314 2815 560 2900 elinguesque¹⁴
582 2819 764 2884 steterunt
785 2812 886 2898 Tum,
911 2813 1068 2898 vicissim,
1092 2815 1115 2884 ii
1140 2816 1315 2888 habebant

314 2932 406 3017 quod
422 2929 669 3002 Pulchritudini
684 2937 899 3001 ostentarent
919 2939 955 3002 et
977 2940 1186 3016 enarrarent,
1208 2955 1251 3004 ex
1272 2955 1313 3003 eo

314 3059 468 3134 tempore
483 3055 584 3120 nacta
597 3053 703 3131 atque
717 3055 827 3132 gesta,
841 3071 884 3118 ex
899 3069 968 3132 quo
982 3049 1018 3118 in
1032 3071 1139 3120 novas
1153 3051 1315 3123 fortunas

313 3166 498 3238 venissent

370 3283 525 3366 Tempus
532 3280 909 3352 intereatamceleriter
917 3279 1105 3366 labebatur,
1113 3291 1155 3354 ut
1163 3283 1315 3355 Pulchri·

313 3398 427 3472 tudini
444 3397 488 3469 ad
503 3397 669 3469 rationem
684 3398 817 3469 dierum
837 3397 1030 3469 habendam
1050 3399 1184 3470 nullum
1205 3400 1314 3471 otium

314 3525 522 3602 suppeteret.
544 3517 661 3589 Unum
675 3517 811 3588 interim
828 3518 891 3588 sibi
905 3517 1021 3589 deesse
1042 3517 1227 3589 admodum
1242 3539 1315 3588 sen·

314 3634 432 3707 tiebat
449 3634 581 3719 Quippe
594 3635 740 3719 iuvenis,
762 3655 865 3719 quem
887 3655 950 3719 per
973 3635 1161 3719 quietem,¹⁵
1175 3633 1259 3704 dum
1279 3634 1316 3705 in

315 3752 442 3838 palatio
456 3751 582 3822 Bestiae
594 3751 702 3822 vitam
723 3752 881 3835 degebat,
907 3772 1045 3835 quaque
1069 3758 1170 3822 nocte
1195 3773 1317 3823 conve·

315 3868 389 3940 nire
403 3868 543 3952 solebat,
558 3868 589 3939 ei
603 3869 639 3938 in
653 3867 783 3938 somnio
797 3867 867 3939 iam
880 3890 950 3939 non
966 3867 1222 3939 obversabatur.
1244 3869 1316 3941 Caea

417 4071 457 4123 13.
474 4069 514 4121 aa
527 4085 589 4135 pars
601 4070 704 4130 domus,
719 4085 779 4137 quae
792 4085 854 4122 cum
866 4075 942 4123 terra
953 4069 982 4122 in
997 4070 1091 4123 eodem
1104 4071 1186 4136 plano
1198 4075 1250 4124 est.

416 4155 456 4207 14.
474 4153 526 4216 Qui
539 4153 662 4219 linguam
677 4169 733 4206 non
747 4153 838 4215 babet,
853 4154 897 4206 cui
909 4154 1006 4220 lingua
1018 4154 1128 4208 excidit.

416 4237 456 4292 15.
473 4237 506 4289 ln
520 4236 633 4290 somnio.
