3518 5152
719 959 801 1012 mm
821 957 958 1014 ononss
1272 945 1334 1016 127

333 1127 549 1211 uvidumque
563 1147 734 1197 carcerem
748 1127 891 1211 abrepta
905 1134 971 1211 est,
986 1127 1046 1198 ubi
1057 1135 1183 1198 ventus
1191 1128 1336 1200 clathra-

333 1252 407 1316 tam
421 1245 636 1315 fenestellam
651 1265 731 1314 cum
745 1244 842 1314 sibilo
856 1244 1031 1327 perflabat„
1048 1245 1087 1314 In
1110 1246 1221 1316 locum
1242 1247 1335 1318 holo·

333 1362 476 1434 sericae¹⁷
490 1361 629 1445 urticas,
651 1383 737 1445 quas
749 1361 824 1445 ipsa
837 1361 1030 1444 collegerat,
1045 1362 1077 1431 ei
1091 1363 1335 1448 attribuerunt,

334 1480 370 1552 in
384 1479 447 1550 hus
460 1485 565 1563 caput
587 1480 619 1548 ei
643 1477 883 1549 declinandum
911 1485 995 1548 erat.
1028 1478 1220 1564 Subuculae,
1250 1503 1336 1565 quas

334 1602 479 1678 texerat,
504 1595 567 1666 sibi
594 1594 668 1665 vice
692 1594 868 1665 culcitrae¹⁸
892 1601 997 1678 atque
1011 1595 1086 1666 vice
1099 1596 1215 1667 lodicis
1235 1606 1336 1669 erant

334 1714 524 1786 serviturae.
538 1713 702 1782 Attamen
718 1712 753 1781 hi
767 1712 868 1782 Elisae
881 1712 966 1782 nihil
977 1714 1196 1796 prestantius
1209 1715 1336 1788 tribue-

333 1853 371 1902 re
385 1836 546 1915 poterant
561 1851 666 1914 quam
680 1829 771 1912 ipsas
785 1829 848 1898 has
862 1851 927 1911 res,
951 1850 1101 1913 namque
1121 1852 1209 1915 opus
1230 1855 1333 1905 suum

332 1946 493 2034 prosequi
506 1953 651 2031 poterat,
661 1946 762 2016 simul
776 1947 880 2016 etiam
893 1946 1012 2017 eadem
1027 1947 1153 2019 fiducia
1165 1949 1209 2020 ad
1224 1949 1335 2022 Deum

332 2087 451 2151 preces
464 2064 643 2136 fundebat

399 2183 586 2266 ‚Tempore
614 2181 831 2266 crepusculi¹⁹
859 2182 1041 2265 strepitum
1069 2185 1202 2255 alamm
1236 2193 1335 2258 extra

333 2299 465 2372 clatlua
477 2297 649 2369 inaudivit
664 2294 813 2370 Olomm.
834 2298 898 2369 Hic
918 2300 1029 2370 irater
1048 2308 1124 2372 erat
1143 2323 1228 2373 suus
1248 2311 1335 2375 natu

333 2416 504 2499 minimus,
530 2413 589 2498 qui
614 2435 764 2484 sororem
786 2414 932 2500 denique
954 2424 1138 2501 repererat,
1165 2441 1244 2502 quae
1263 2442 1335 2504 prce

333 2534 460 2620 gaudio
488 2533 525 2604 in
554 2532 728 2616 singultus
755 2533 880 2616 erupit,
901 2533 1061 2616 quamvis
1073 2535 1262 2619 proximam
1275 2560 1336 2609 no-

332 2659 423 2724 ctem
451 2649 514 2721 sibi
543 2650 700 2720 ultimam
728 2650 804 2720 fore
833 2650 1065 2733 cognovissem
1096 2661 1336 2726 verumtamen

332 2791 419 2854 opus
433 2789 535 2840 suum
548 2768 624 2838 fere
638 2767 836 2838 absolutum
849 2768 918 2838 iam
933 2775 1017 2852 erat,
1033 2769 1143 2840 frater
1156 2778 1274 2843 autem
1288 2773 1333 2844 ad

333 2907 485 2958 manum.

417 3003 559 3073 Interim
573 3000 854 3085 Archiepiscopus
867 3001 1017 3086 advenit,
1028 3009 1069 3074 ut
1085 3004 1241 3075 ultimam
1253 3007 1336 3077 vitae

334 3121 435 3191 Elisae
448 3119 579 3202 horam,
595 3118 783 3190 secundum
797 3119 1003 3202 promissum
1015 3121 1089 3204 regi
1104 3121 1235 3205 datum,
1256 3144 1336 3194 cum

333 3237 470 3321 captiva
498 3235 666 3319 exigerem
687 3257 811 3305 verum
840 3235 914 3319 ipsa
942 3236 1053 3320 capite
1078 3236 1209 3321 abnuit,
1231 3247 1336 3324 atque

331 3353 446 3436 oculis,
461 3372 697 3434 manuumque
711 3358 824 3434 gestu,
845 3373 926 3454 eum
949 3353 1044 3424 abire
1070 3355 1180 3426 iussit.
1205 3355 1336 3428 Scilicet

435 3587 476 3640 17.
492 3587 610 3654 Proprie,
623 3587 665 3640 uti
678 3587 790 3642 verbum
804 3589 905 3644 Gmcis
917 3596 1005 3653 sonat,
1026 3592 1097 3659 quod
1117 3607 1149 3644 ex
1171 3592 1279 3659 integro
1296 3609 1335 3646 se·

334 3671 436 3724 riceum
450 3675 504 3732 est;
518 3671 608 3724 latiori
621 3687 702 3724 sensu
715 3677 757 3724 est
769 3673 884 3726 materia
896 3679 972 3726 texta
984 3675 1105 3736 crassior,
1118 3675 1196 3728 cuius
1208 3676 1268 3728 villi
1282 3693 1336 3730 ere

333 3754 380 3816 cti,
395 3760 423 3806 et
436 3753 579 3807 admodum
592 3755 697 3820 planati
710 3771 742 3809 ac
755 3756 885 3822 levigati,
898 3773 980 3824 quam
993 3757 1090 3811 Franci
1104 3775 1121 3811 a
1133 3759 1209 3812 villis
1220 3757 1333 3824 oelour,

335 3837 394 3892 slve
407 3839 535 3890 villuram
548 3843 656 3898 vocant,
669 3837 735 3892 hinc
748 3843 840 3892 autem
853 3840 937 3905 Angli
950 3855 1029 3892 suum
1042 3839 1135 3893 velvet
1148 3841 1289 3896 cuderunt.

435 3921 476 3974 18.
496 3918 641 3984 culcitra,
657 3919 777 3984 muln,
794 3937 839 3984 -ω,
860 3927 902 3976 est
913 3924 1051 3988 pulvillus,
1065 3925 1109 3977 cui
1123 3925 1151 3977 in
1165 3926 1236 3979 lecto
1249 3927 1337 3980 iacen-

337 4011 380 4059 tes
392 4011 474 4071 caput
487 4005 668 4070 applicamus;
686 4004 758 4057 lodix
771 4011 863 4058 eutem
876 4011 926 4068 est,
939 4022 992 4073 quo
1006 4022 1055 4060 nos
1068 4009 1194 4074 tegimus.

435 4089 475 4142 19.
495 4085 722 4155 crementum,
738 4085 771 4152 -ἰ,
792 4093 834 4142 est
846 4093 953 4155 tempus
966 4089 1028 4151 diei,
1050 4098 1110 4157 post
1124 4107 1249 4145 occasum
1262 4093 1335 4156 solis,

335 4177 483 4240 antequam
496 4171 616 4225 tenebrae
629 4177 715 4224 terras
728 4171 852 4226 obruant.
