3522 5156
427 949 470 1018 40
831 965 1023 1022 muscum

425 1131 594 1204 Ciniscula
609 1133 764 1216 oscitans,
781 1135 964 1217 oculosque
984 1133 1122 1217 micans,
1148 1134 1216 1205 acsi
1239 1134 1341 1205 modo
1367 1156 1423 1206 ex·

426 1251 623 1334 pergefacta
637 1258 736 1322 esset.

507 1367 568 1450 “A,
584 1369 726 1440 simodo
740 1377 780 1440 tu
803 1369 958 1441 ballistiis
980 1369 1225 1451 interfuisses,”
1249 1369 1424 1453 respondit

423 1508 495 1556 una
508 1507 673 1571 sororum,
688 1486 804 1558 “eerto
818 1487 887 1558 scio
900 1493 978 1558 tute
991 1507 1062 1557 non
1076 1493 1149 1556 tam
1176 1487 1423 1558 somnolentam

423 1602 634 1687 praebuisses.
660 1603 822 1675 Omnium
836 1605 927 1675 enim
941 1604 1132 1689 puellarum
1147 1603 1330 1687 regiarum,
1346 1626 1424 1689 quae

422 1721 556 1805 uspiam
580 1721 720 1806 repetiti
744 1728 893 1806 possent,
915 1721 1143 1806 pulcherrima
1167 1721 1214 1792 ibi
1238 1721 1422 1805 intererat;

421 1839 496 1923 ipsa
510 1861 584 1910 sese
598 1861 681 1924 erga
710 1861 772 1911 nos
798 1840 945 1910 maxime
975 1838 1146 1910 affabilem
1171 1839 1422 1924 officiosumque

421 1957 578 2040 praebuit,
592 1977 723 2041 nosque
736 1957 978 2028 nonnullorum
992 1958 1175 2029 fructuum
1184 1957 1423 2029 maximedeli·

420 2081 576 2145 catorum
590 2075 772 2158 participes
786 2073 963 2145 reddidit”

504 2190 632 2275 “ltane,
647 2191 805 2263 reveral”
820 2191 945 2276 quaerit
958 2191 1135 2264 Clniscula
1162 2191 1228 2263 “Et
1249 2193 1422 2276 quodnam

421 2308 452 2380 ei
467 2315 542 2380 erat
556 2309 722 2380 nomeni”

504 2425 632 2510 “Atqui
646 2426 711 2497 hoc
725 2426 838 2510 ipsum
851 2432 914 2508 est,
937 2425 1028 2509 quod
1049 2447 1151 2496 nemo
1175 2433 1332 2497 nostium
1357 2449 1417 2500 no

419 2543 503 2627 vit,''
518 2544 675 2615 referunt
691 2563 832 2627 sorores,
849 2541 1028 2626 “quumvis
1043 2543 1172 2628 Regius
1186 2543 1293 2615 Filius
1307 2545 1420 2617 nescio

419 2682 488 2746 quo
503 2660 644 2745 praemio
659 2668 829 2732 secretum
845 2661 1074 2732 redemisset.”

504 2776 638 2859 “Quam
652 2777 775 2848 vellem
785 2775 877 2848 illam
888 2785 1071 2849 venustam
1083 2779 1252 2863 virginem
1263 2780 1380 2851 videre
1390 2779 1419 2850 !''

420 2895 518 2967 fatur
533 2895 689 2980 denique.
712 2893 875 2966 “Numne
887 2895 993 2966 velles
1006 2895 1091 2964 mihi
1111 2917 1222 2966 unum
1244 2896 1422 2968 indumen·

421 3021 536 3084 torum
551 3020 692 3083 tuorum
704 3012 930 3095 commodare,
954 3033 1032 3082 mea
1046 3033 1150 3095 soror,
1165 3019 1207 3083 ut
1221 3021 1258 3084 et
1271 3035 1336 3098 ego
1351 3014 1420 3086 bal-

421 3129 518 3202 listiis
532 3131 696 3226 interesse
711 3151 856 3214 eamque
870 3151 1009 3200 comere
1022 3129 1185 3214 possimi”

504 3246 633 3332 “Quid?
655 3247 869 3318 commodare
889 3246 961 3330 tibi,
987 3248 1149 3317 vesculaw
1173 3247 1347 3332 cineratis,
1371 3249 1420 3319 in·

419 3363 623 3436 dumentum
652 3367 817 3436 mmmP‘
845 3364 973 3448 regerit
1000 3385 1104 3436 soror.
1133 3362 1234 3435 “Non
1261 3364 1419 3449 equidem

419 3480 565 3566 AEdepol
577 3479 606 3551 l''

503 3598 631 3682 Utique
646 3597 680 3668 id
695 3619 834 3682 prorsus
844 3605 919 3670 erat
930 3619 1130 3682 responsum
1144 3598 1236 3682 quod
1249 3598 1419 3672 Ciniscula

419 3738 569 3788 asorore
585 3715 822 3799 &spectabam
844 3716 927 3801 quin
942 3717 1046 3788 etiam
1067 3716 1223 3800 ineptum
1245 3717 1370 3790 finisset
1390 3719 1419 3790 si

416 3834 474 3905 illa
489 3835 551 3905 sibi
565 3854 669 3904 suum
683 3834 923 3905 indumentum
939 3833 1194 3918 commodasset,
1204 3855 1286 3904 nam
1299 3842 1418 3918 postea

518 4037 559 4090 2⁶.
575 4033 726 4098 Vomitus,
737 4049 774 4098 a,
785 4049 854 4098 uos,
868 4040 910 4089 est
922 4034 994 4088 idem
1003 4051 1035 4089 ac
1047 4036 1211 4100 vetusculaq
1222 4035 1315 4090 addito
1323 4041 1416 4090 tamen

418 4121 541 4173 ulteriori
554 4135 635 4174 sensu
649 4119 837 4186 parvimdinls,
850 4119 988 4180 exilitatis,
999 4119 1128 4172 macroris
1139 4125 1168 4172 et
1179 4120 1353 4182 macilentia,
1366 4125 1418 4174 est·

416 4220 469 4271 que
482 4203 716 4257 contumeliosum.
