3522 5156
413 996 456 1068 26
727 998 898 1068 tuemur
924 1011 1099 1066 ununmr

412 1180 472 1252 sed
487 1179 584 1251 finito
600 1179 743 1262 prandio
756 1180 801 1251 ad
816 1201 892 1250 eam
919 1200 1059 1250 reversa
1083 1185 1146 1264 est,
1171 1201 1280 1264 quum
1305 1179 1414 1264 Retia

415 1297 500 1368 Filia
513 1297 691 1382 quaerebat
705 1297 750 1368 ab
763 1319 813 1380 eo,
840 1296 923 1381 quid
938 1296 1000 1368 sibi
1016 1296 1058 1368 de
1074 1297 1155 1368 aule
1177 1295 1300 1382 grandi
1320 1297 1414 1369 vide-

414 1421 521 1486 retur.

499 1532 633 1603 Fatima
658 1539 763 1617 caput
788 1532 908 1604 erexit.
931 1531 1052 1604 “Certe
1073 1532 1163 1616 aula,
1178 1539 1219 1603 ut
1233 1533 1317 1604 mihi
1343 1533 1416 1617 qui·

414 1648 492 1720 dem
507 1649 656 1733 videtur,
672 1649 854 1734 magrdfice
869 1651 955 1733 est,”
979 1649 1152 1734 respondit
1176 1671 1262 1735 saga
1285 1652 1416 1735 fucata,

414 1788 477 1837 nec
491 1767 556 1837 nisi
571 1789 642 1839 una
655 1790 692 1839 re
708 1769 855 1852 amplius
868 1766 1010 1851 indiget.

499 1883 598 1956 “Una
611 1885 686 1956 re?”
708 1885 834 1970 quaerit
858 1885 967 1970 Regia
991 1885 1085 1969 Filia,
1112 1885 1168 1958 “et
1193 1907 1353 1971 quaenam
1373 1909 1415 1959 en

414 2020 469 2072 res
482 2003 557 2074 esti
571 2003 738 2086 Equidem
754 2024 819 2087 ego
832 2025 968 2087 semper
981 2003 1217 2076 existimabam
1236 2005 1351 2076 aulum
1372 2027 1415 2076 ex

413 2120 506 2189 omni
521 2142 665 2192 numero
679 2123 869 2205 perfectam
883 2121 987 2192 esse.”

497 2237 587 2309 “Res
599 2239 700 2309 unica
715 2261 795 2322 quae
807 2238 935 2322 deest?
950 2238 999 2309 ait
1013 2238 1157 2322 Fatima,
1171 2237 1275 2322 “pace
1289 2245 1352 2310 tua
1366 2239 1415 2310 di·

414 2355 534 2439 xerim,
558 2379 579 2427 0
604 2356 713 2441 Regia
738 2356 833 2440 Filia,
857 2363 911 2427 est
935 2377 1039 2427 ovum
1063 2355 1143 2439 roci,
1158 2356 1306 2440 quodex
1320 2357 1414 2427 tholo

415 2471 555 2544 deberet
569 2474 761 2557 suspendi?

498 2588 650 2670 “Ecquid
665 2598 718 2662 est
730 2611 835 2662 ovum
850 2591 960 2662 recit'
976 2590 1101 2674 quaerit
1115 2589 1223 2674 Regia
1238 2589 1331 2661 Filia.

497 2703 632 2778 “Ovum
648 2707 682 2778 id
697 2714 750 2778 est
765 2707 839 2778 avis
852 2707 1030 2778 cuiusdam
1052 2707 1212 2790 ingentis,
1228 2728 1306 2790 quae
1321 2707 1416 2777 Mon·

414 2830 468 2894 tes
480 2824 661 2895 Caucasios
675 2824 821 2908 incolit,'’
837 2823 1013 2908 respondit
1027 2823 1171 2895 Fatima.

497 2945 613 3024 Quum
627 2942 774 3027 denique
788 2941 1009 3013 Aladdinuse
1025 2941 1207 3012 venatione
1222 2941 1332 3024 rediit,
1349 2941 1414 3012 Re·

412 3059 471 3143 gia
484 3059 569 3130 Filia
582 3058 701 3130 docuit
713 3080 793 3129 eum
808 3079 844 3129 se
859 3079 965 3129 ovum
979 3059 1058 3141 roci,
1070 3058 1162 3142 quod
1177 3079 1221 3128 ex
1234 3058 1328 3128 tholo
1343 3079 1416 3130 sus·

412 3177 631 3261 penderetur,
660 3183 894 3260 comparatum
926 3174 1053 3246 habere
1086 3176 1185 3245 velle.
1226 3175 1417 3247 Aiaddinus

413 3294 594 3365 confestim
609 3293 765 3377 promisit
779 3293 813 3363 id
828 3313 866 3362 se
880 3293 1115 3363 obtenturum.
1126 3292 1199 3363 Hoc
1214 3313 1297 3377 ergo
1307 3291 1414 3364 consi·

413 3411 458 3482 lio
472 3411 545 3482 sine
560 3432 656 3480 mora
670 3417 791 3481 evocat
804 3411 948 3493 genium
968 3410 1126 3479 lucerne.

497 3527 625 3600 “Genie
640 3528 718 3611 mi,”
734 3528 863 3598 affatur
886 3548 967 3597 eum
992 3524 1192 3610 AIaddinus,
1218 3547 1324 3596 ovum
1346 3525 1417 3597 roci

414 3653 569 3730 optarem
583 3667 792 3728 comparare,
807 3644 899 3728 quod
914 3644 950 3713 in
965 3645 1045 3714 aula
1058 3642 1254 3726 penderet!

497 3763 564 3833 Vix
576 3762 641 3833 hoc
665 3763 763 3832 fatus
777 3768 839 3844 est,
854 3783 962 3845 quum
977 3761 1099 3844 genius
1119 3760 1296 3844 ingentem
1310 3759 1417 3831 edidit

413 3883 565 3963 boatum,
579 3880 629 3950 ita
642 3885 685 3950 ut
699 3879 864 3964 palatium
877 3884 992 3948 toturn
1007 3883 1159 3948 nutaret.

498 3997 687 4069 “Scelerate
698 3995 728 4066 !”
741 3995 840 4080 vagit
853 3995 986 4078 genius,
1013 3993 1226 4065 “necdumne
1249 3993 1332 4064 satis
1351 3993 1415 4064 tibi

414 4114 578 4201 praestiti?
593 4113 688 4184 Num
702 4113 756 4184 vis
770 4112 914 4184 ulterius
927 4118 968 4182 ut
980 4112 1094 4196 ipsum
1108 4132 1225 4182 meum
1239 4109 1416 4182 dominum

414 4235 451 4305 in
464 4232 544 4304 aula
558 4239 621 4303 tua
641 4229 868 4315 suspendam?
890 4230 957 4301 Pro
982 4230 1072 4300 bona
1094 4236 1155 4299 tua
1179 4229 1323 4298 fortuma
1346 4247 1416 4298 non
