3554 5156
467 951 530 1022 108
843 967 924 1022 vmr
954 969 1091 1024 ononns

464 1155 548 1220 gam
571 1155 705 1208 comam
719 1137 875 1221 plexerat
898 1144 934 1209 et
958 1137 1233 1222 concinnaverat,
1248 1159 1286 1210 se
1298 1137 1343 1210 ad
1358 1145 1465 1211 mate·

465 1250 563 1323 bram
576 1252 921 1348 bullientem-retulit,
941 1254 1136 1339 haustaque
1148 1256 1235 1329 volis
1249 1277 1349 1340 aqua,
1364 1278 1401 1327 se
1415 1277 1467 1328 re·

466 1369 560 1453 fecit,
574 1377 680 1454 atque
693 1371 784 1444 illinc
798 1373 944 1445 ulterius
957 1373 994 1444 in
1009 1375 1141 1458 sylvam
1154 1373 1360 1458 penetravit.
1390 1375 1466 1458 Quo

464 1494 527 1558 aut
542 1508 707 1571 quorsum
721 1489 814 1561 itura
828 1497 928 1574 esset,
942 1491 1125 1575 nesciebat,
1138 1513 1203 1563 nec
1216 1491 1282 1562 nisi
1295 1490 1338 1563 dc
1352 1491 1467 1563 fratri·

465 1602 532 1674 bus
556 1606 667 1689 deque
690 1607 779 1679 bono
804 1607 877 1679 Deo
901 1608 1086 1692 cogitabat,
1111 1630 1215 1693 quern
1228 1631 1266 1681 se
1288 1629 1467 1692 nunquam

466 1721 684 1795 deserturum
705 1725 849 1797 firmiter
869 1726 1040 1797 credebat
1061 1727 1096 1797 Is
1117 1725 1208 1798 enim
1231 1733 1284 1798 eat
1304 1727 1363 1810 qui
1377 1727 1468 1798 mala

464 1841 654 1926 sylvestria,
669 1843 821 1927 aliosque
835 1844 973 1915 fructus
986 1843 1155 1915 acbaccas
1168 1843 1213 1915 ad
1227 1843 1389 1916 cibandos
1396 1845 1466 1916 via·

465 1965 557 2030 tores
571 1967 714 2042 egentes
726 1968 914 2045 creaverat,
929 1961 1055 2045 quique
1070 1983 1147 2032 eam
1164 1961 1209 2033 ad
1233 1961 1399 2034 eiusmodi
1414 1983 1467 2032 ar·

465 2076 594 2159 borem,
608 2077 781 2149 fructibus
789 2085 969 2163 gravatam
977 2078 1147 2163 perduxit
1156 2079 1228 2151 Sub
1234 2080 1359 2151 umbra
1365 2079 1469 2151 huius

464 2193 538 2278 ipsa
553 2197 625 2266 loeo
639 2195 771 2280 prandii
784 2195 914 2267 famem
937 2217 1036 2268 suam
1050 2196 1211 2280 explevit,
1225 2203 1261 2267 et
1275 2196 1311 2266 in
1330 2196 1469 2280 signum

466 2313 558 2397 grati
579 2313 683 2383 animi
697 2335 811 2384 ramos
825 2334 929 2384 onere
939 2314 1105 2398 pendulos
1119 2313 1281 2397 suffulsit,
1297 2321 1375 2397 post
1390 2334 1469 2398 quae

465 2429 532 2500 iter
546 2452 650 2502 suum
664 2431 728 2502 sub
742 2451 848 2515 opaca
862 2431 969 2514 sylvae
983 2430 1107 2501 umbra
1130 2437 1313 2514 prosecuta
1333 2436 1397 2501 est.
1420 2429 1471 2500 Si·

466 2549 611 2620 lentium
625 2547 711 2620 adeo
725 2555 800 2618 erat
810 2549 929 2631 altum,
938 2555 979 2619 ut
989 2569 1113 2618 sonum
1124 2548 1278 2618 mollium
1286 2567 1469 2631 gressuum

466 2687 619 2748 suorum,
641 2665 890 2751 strepitumque
912 2664 1149 2748 marcidorum,
1170 2664 1236 2735 sub
1260 2664 1404 2749 pedibus
1418 2665 1470 2734 fo·

465 2783 589 2854 liorum
599 2783 744 2854 audiret.
754 2783 867 2854 Nullae
878 2804 1005 2854 arasse
1018 2783 1108 2853 visui
1115 2781 1326 2865 obtulerunt,
1334 2781 1468 2852 nullum

466 2901 567 2973 iubar
588 2901 667 2973 solis
691 2922 796 2984 opaca
824 2900 985 2971 foliorum
1012 2899 1260 2984 perfringebat,
1287 2899 1471 2983 truncique

466 3019 633 3090 celsarum
648 3018 809 3088 arborum
823 3024 897 3087 tam
910 3016 1016 3089 dense
1029 3016 1178 3099 stabant,
1203 3023 1244 3087 ut
1266 3037 1376 3100 quum
1397 3016 1471 3099 ipsa

467 3136 538 3207 sola
551 3157 709 3219 prorsum
722 3135 890 3218 tenderet,
904 3134 968 3206 sibi
978 3135 1076 3218 quasi
1085 3134 1237 3205 cratibus
1246 3133 1473 3218 circumsepta

467 3275 541 3326 esse
554 3253 741 3325 videretur.
773 3251 897 3336 Tanta,
910 3252 1010 3335 eheu,
1025 3259 1100 3323 erat
1113 3252 1150 3322 in
1163 3253 1227 3323 hac
1241 3252 1340 3335 sylva
1354 3251 1471 3322 solitu·

466 3371 522 3455 do,
536 3377 700 3455 quantam
715 3369 806 3440 Elisa
820 3391 998 3453 nunquam
1013 3375 1117 3440 antes
1131 3376 1350 3453 cognoverat

552 3490 742 3572 Aequana
756 3493 856 3558 erant
870 3486 1022 3558 tenebrae
1046 3493 1152 3558 noctu
1171 3523 1208 3534 -
1222 3507 1267 3556 ne
1280 3485 1383 3556 unica
1397 3482 1471 3568 qui·

467 3605 547 3675 dem
575 3603 737 3673 cicindela
765 3601 883 3671 lumen
911 3621 1015 3672 suum
1042 3600 1286 3686 profundebat
1317 3601 1473 3674 'lbistitia

467 3741 683 3804 moeroreque
698 3719 824 3790 affecta
847 3718 893 3790 ad
913 3718 1150 3790 dormiendum
1175 3718 1350 3791 decubuit
1379 3719 1472 3791 Tum

466 3837 530 3910 sibi
543 3838 684 3910 frondes
698 3839 734 3908 in
749 3837 894 3920 sublimi,
901 3857 1007 3921 supra
1020 3858 1067 3922 sc,
1073 3837 1197 3908 leniter
1210 3837 1335 3921 divelli,
1340 3836 1473 3921 Deique

466 3961 581 4026 custos
595 3955 759 4038 Angelus,
772 3955 938 4026 benevolo
950 3955 1051 4026 vultu
1066 3954 1102 4025 in
1116 3977 1155 4027 se
1169 3954 1367 4040 despectare
1380 3953 1474 4026 vide·

469 4071 584 4155 batur,
599 4071 744 4142 millenis
768 4071 954 4144 Cherubim
968 4071 1125 4156 stipatus
1147 4071 1264 4157 Quum
1289 4093 1392 4142 mane
1417 4091 1476 4142 ex·

466 4189 668 4273 pergeiacta
695 4195 749 4260 est
777 4210 846 4260 non
876 4189 939 4261 sibi
968 4211 1109 4274 prorsus
1133 4188 1321 4272 constabat,
1350 4195 1473 4260 utrum
