3554 5156
442 903 485 971 64
670 916 927 972 runcuarruno
948 916 1218 984 impransum

527 1083 632 1155 “Mihi
646 1085 739 1154 feres
749 1085 920 1168 pectinem
929 1105 1085 1167 aureum,
1096 1081 1241 1168 gemmis
1250 1081 1355 1152 variis
1365 1101 1442 1151 con-

440 1202 556 1286 situm,
572 1223 675 1286 quem
689 1201 723 1271 in
738 1222 835 1272 coma
849 1201 998 1286 geraml’
1013 1201 1101 1286 petit
1115 1207 1249 1285 quarta

525 1317 612 1389 “Fer
626 1319 709 1389 mihi
724 1319 863 1402 calceos,
877 1317 1118 1389 adamantibus
1137 1311 1293 1398 insutis,'’
1306 1314 1443 1398 flagitat

443 1437 573 1523 quinta.

525 1552 602 1624 “Tu
637 1559 765 1636 autem,
801 1551 1066 1623 Pulchritudol''
1103 1550 1228 1636 quaerit
1262 1556 1442 1631 mercator,

442 1671 634 1756 “Quidnam
649 1670 711 1741 tibi
725 1669 908 1740 afferaml”

525 1786 638 1859 “Velis
652 1787 735 1858 mihi
750 1808 864 1858 rosam
878 1786 1002 1870 ferre,”
1019 1784 1194 1869 respondit
1209 1784 1442 1855 Pulchritudo.

524 1905 663 1976 Sorores
677 1926 754 1975 eam
769 1905 972 1975 deriserunt
995 1902 1078 1986 “Va,
1094 1923 1206 1974 rosam
1226 1901 1289 1972 tibi
1314 1902 1445 1986 expetis

441 2044 550 2106 quum
564 2022 671 2106 possis
686 2022 875 2106 quamlibet
889 2043 963 2092 rem
976 2021 1019 2092 ad
1034 2020 1216 2092 arbitrium
1229 2020 1403 2104 postulare
1413 2019 1443 2090 !”

439 2139 691 2224 exprobrarunt
705 2161 847 2211 sorores.

526 2255 595 2327 “At
623 2279 688 2340 ego
716 2278 828 2328 rosam
853 2263 992 2326 tantum
1020 2255 1120 2339 cupio
1148 2254 1305 2338 babere,”
1334 2254 1443 2326 refert

442 2375 675 2446 Pulchritudo.
689 2372 814 2445 “Nulla
827 2374 918 2444 enim
932 2373 968 2444 in
981 2374 1082 2445 horto
1103 2380 1220 2443 nostro
1234 2372 1317 2443 est”

526 2491 696 2562 Mercator
709 2491 817 2574 igitur
830 2491 1056 2574 abequitavit,
1071 2511 1111 2560 ac
1125 2497 1203 2572 post
1225 2489 1356 2572 aliquot
1376 2488 1444 2559 die-

442 2632 521 2681 rum
535 2609 601 2680 iter
615 2609 651 2678 in
665 2617 804 2693 portum
818 2608 984 2692 pervenit.
1004 2607 1045 2677 Ei
1058 2608 1094 2677 in
1109 2613 1248 2690 portum
1262 2606 1444 2676 advenien-

441 2728 469 2797 ti
484 2728 631 2798 relatum
646 2733 699 2797 est
714 2747 811 2795 suam
824 2727 942 2796 navim
955 2747 978 2796 a
990 2725 1110 2810 piratis
1133 2724 1324 2808 impetitam
1338 2732 1444 2807 atque

440 2845 671 2930 compilatam8
685 2844 804 2926 fuisse,
818 2865 882 2913 nec
898 2844 1004 2913 ullam
1019 2850 1153 2926 partem
1168 2842 1320 2912 thesauri
1335 2843 1370 2911 in
1384 2863 1443 2912 na·

442 2963 479 3032 vi
493 2961 654 3032 relictam.
676 2961 790 3044 AEque
803 2961 906 3030 miser
921 2961 1038 3044 itaque
1053 2966 1129 3031 erat
1141 2981 1244 3043 nunc,
1259 2981 1364 3043 quam
1383 2981 1442 3029 an-
1468 3043 1471 3048 ¹

442 3147 477 3200 do
489 3147 684 3208 aetimabatur,
702 3160 800 3212 nempe
811 3145 835 3198 si
847 3145 932 3197 tuerit
944 3145 987 3197 bis
1000 3145 1113 3206 tinctus,
1136 3149 1184 3197 aut
1206 3158 1364 3209 purpureus,
1381 3159 1442 3196 coc·

442 3231 544 3290 cineus,
571 3229 720 3290 flammeus,
744 3243 864 3290 croceus,
890 3229 1023 3289 clavatus,
1046 3234 1094 3280 aut
1118 3243 1192 3288 auro,
1208 3226 1254 3279 vel
1271 3231 1387 3292 argento
1403 3226 1443 3278 in·

440 3319 542 3366 textus.
1276 3361 1280 3366 .

542 3397 567 3450 7.
585 3397 641 3448 Hoc
654 3402 704 3458 est,
717 3401 749 3448 ut
760 3395 786 3448 ei
798 3411 898 3462 panno,
911 3395 956 3448 vel
968 3395 1057 3461 bysso,
1071 3395 1126 3447 alia
1145 3395 1203 3447 tela
1224 3394 1325 3454 subter,
1349 3393 1384 3445 ab
1401 3393 1441 3445 in·

441 3481 544 3541 teriori,
558 3480 710 3538 subeuntur,
723 3485 754 3531 ut
767 3485 879 3546 tegmen
893 3479 929 3532 sit
941 3478 1047 3544 duplex,
1060 3478 1179 3545 gravius,
1192 3477 1306 3544 proinde
1319 3475 1443 3530 calidius.

441 3563 534 3617 Romae
546 3563 574 3615 id
587 3578 643 3615 non
656 3563 766 3614 ridetur
777 3561 927 3614 universim
939 3562 969 3613 in
981 3577 1033 3614 usu
1045 3561 1139 3622 fuisse
1154 3576 1217 3613 narn
1230 3561 1379 3612 secundum
1391 3565 1445 3613 sta-

442 3653 503 3700 tum
514 3647 615 3698 civium
628 3661 660 3698 ac
671 3651 795 3711 tempora
817 3645 892 3706 anni,
910 3645 1072 3698 indumenta
1089 3650 1168 3697 erant
1189 3644 1325 3709 adaptata,
1345 3643 1387 3696 uti
1404 3659 1444 3696 sa-

442 3745 516 3797 gum,
535 3728 765 3795 paludamentum,
782 3729 862 3789 laena,
880 3743 1008 3794 gausapa,
1020 3727 1135 3793 paenuls,
1149 3727 1298 3780 secundum
1310 3732 1442 3788 aestatem,

442 3814 569 3880 hyemen,
583 3813 688 3874 sudum,
712 3811 834 3878 pluviam
847 3812 941 3865 aliast
954 3812 1190 3877 alisgererentur;
1211 3811 1271 3877 ipsa
1292 3811 1360 3864 adeo
1377 3816 1443 3877 toga

442 3897 552 3951 laciniis
562 3895 666 3950 solebat
677 3897 735 3962 tegi
748 3901 844 3948 contra
856 3895 946 3961 frigus
963 3910 995 3947 ac
1012 3895 1142 3960 pluriam:
1160 3894 1287 3961 spissiora
1299 3900 1391 3948 sutem
1404 3895 1443 3947 iu·

443 3981 575 4034 dumenta
585 3995 640 4033 uno
650 3979 737 4032 verbo
747 3977 875 4046 pinpuio
886 3979 1100 4044 appellabantur.

543 4063 568 4116 8.
582 4059 760 4128 compilare,
777 4068 819 4115 est
832 4062 956 4128 spoliare,
970 4062 1128 4128 despoliare,
1140 4061 1298 4128 exspoliare,
1310 4061 1352 4114 uti
1365 4061 1445 4114 latro·

442 4163 500 4210 nes,
511 4145 692 4213 pertractarii,
704 4145 853 4212 predones,
871 4145 968 4211 piratae
978 4146 1070 4198 tacere
1084 4144 1182 4198 solent.
