3554 5156
574 1019 832 1074 runcaarruuo
852 1019 975 1084 inqua
997 1019 1122 1072 aasrm
1303 1003 1344 1072 73

347 1209 414 1272 que
429 1187 555 1258 insoliti
570 1187 705 1271 reperit,
719 1209 787 1271 quo
803 1209 838 1258 se
853 1186 1023 1257 oblectare
1047 1209 1087 1257 ac
1112 1187 1228 1258 ludere
1253 1193 1347 1270 pote·

347 1312 409 1376 rat.
426 1304 544 1376 Omnis
556 1304 692 1388 generis
705 1303 808 1375 libros
821 1305 1020 1375 fabularum
1033 1305 1265 1389 imaginesque
1280 1305 1346 1375 illic
1404 1293 1407 1300 ’

347 1423 488 1504 invenit,
504 1443 601 1504 aeque
616 1443 655 1491 ac
670 1421 799 1492 musica
819 1423 1048 1492 instrumenta
1062 1445 1127 1493 sua
1139 1429 1261 1506 sponte
1275 1443 1345 1492 me-

345 1540 450 1610 lodias
465 1540 609 1621 edentia,
624 1537 786 1623 psittacos
800 1561 837 1609 se
851 1540 1070 1622 alloquentes,
1086 1540 1234 1610 aviculas
1247 1561 1347 1611 cano·

346 1680 410 1740 ras,
426 1657 489 1727 sibi
503 1657 717 1728 cantilantes.
739 1656 893 1727 Offendit
908 1664 944 1727 et
957 1657 1071 1729 simios
1094 1665 1199 1742 atque
1220 1659 1344 1742 simias,

346 1775 607 1859 pedisequorum
635 1797 674 1845 ac
704 1773 887 1844 mulierum
918 1774 1165 1846 cubicularium
1201 1797 1346 1846 munera

345 1891 521 1975 obeuntes,
536 1893 595 1976 qui
610 1915 728 1963 omnes
741 1892 882 1962 servitia
895 1892 958 1964 sibi
972 1899 1044 1962 tam
1066 1893 1215 1976 dextere,
1240 1915 1344 1976 quam

345 2032 499 2094 personae
511 2010 672 2080 humanae
687 2012 917 2093 perfecerunt.

428 2127 545 2211 Quum
559 2115 704 2210 denique
719 2127 1001 2210 advesperascere
1024 2135 1184 2212 coeperat,
1198 2129 1261 2198 sibi
1274 2129 1344 2200 iam

344 2246 551 2330 septimanas
564 2231 600 2315 in
615 2247 739 2329 palatio
752 2247 905 2329 exegisse
919 2246 1073 2331 parebat,
1087 2246 1179 2329 quod
1192 2252 1245 2316 tot
1259 2253 1345 2316 tam·

345 2384 411 2446 que
426 2363 578 2432 insuetas
592 2363 628 2432 in
643 2363 767 2447 palatio
792 2385 848 2433 res
872 2363 968 2434 vidit.
1002 2365 1116 2444 Quum
1141 2363 1287 2447 denique
1307 2363 1343 2434 in

344 2479 499 2549 cubiculo
514 2500 577 2549 suo
592 2479 735 2561 sederet,
749 2501 952 2562 coenamque
968 2480 1087 2550 eodem
1104 2502 1227 2551 arcano
1242 2481 1342 2551 modo

344 2598 379 2667 in
394 2599 549 2668 mensula
569 2597 765 2680 dapinatam
789 2597 1042 2681 absumpsisset,
1068 2620 1146 2669 ecce
1171 2599 1285 2670 Bestia
1306 2621 1343 2670 se

343 2737 457 2787 coram
472 2715 568 2784 stitit.
590 2715 758 2798 Aspectus
781 2715 854 2785 eius
868 2737 904 2784 se
919 2715 1067 2784 maximo
1081 2723 1212 2786 terrore
1225 2738 1343 2800 percu-

227 2841 233 2850 ’
345 2833 392 2915 lit,
416 2841 532 2902 tamen
555 2853 646 2900 nunc
672 2832 783 2914 paullo
807 2831 922 2900 minus
943 2831 1091 2914 pavebat
1113 2854 1217 2915 quarn
1232 2835 1343 2917 prima

343 2953 496 3032 vespera.
512 2949 576 3018 Hic
589 2948 824 3031 interrogabat
839 2971 915 3018 eam
937 2950 1227 3032 quemadmodum
1252 2951 1342 3021 diem

343 3068 521 3150 exegisset.
544 3066 621 3149 Ipsa
635 3067 789 3136 narravit
804 3065 835 3135 ei
851 3066 893 3136 de
909 3069 1041 3138 cunctis
1065 3069 1168 3138 rebus
1192 3069 1343 3152 pulchris

341 3206 382 3255 ac
396 3185 495 3254 novis
509 3205 594 3267 quas
613 3185 649 3252 in
671 3185 808 3253 castello
833 3183 1022 3268 invenerat,
1046 3194 1281 3269 quantumque
1303 3187 1343 3257 iis

343 3301 511 3372 delectata
524 3307 608 3370 erat.

426 3417 653 3488 “Libenterne
667 3425 707 3488 tu
723 3418 779 3487 hic
794 3418 931 3501 degis'l”
947 3421 1071 3503 quaerit
1093 3422 1215 3491 Bestia.

427 3533 510 3605 “Hic
524 3535 805 3606 iucundissimum
822 3545 884 3606 est.
907 3537 1075 3608 Palatium
1102 3548 1154 3608 est
1175 3540 1273 3621 quasi
1295 3541 1342 3610 di·

343 3653 502 3734 varum;”
518 3653 692 3735 respondit
708 3652 940 3723 Pulchritudo.

425 3767 480 3840 “Si
495 3770 604 3839 nubas
618 3770 733 3852 mihi,”
748 3771 967 3853 prosequitur
981 3773 1105 3855 Bestia,
1122 3772 1255 3845 “totum
1276 3777 1340 3847 hoc

342 3887 517 3972 palatium,
533 3893 723 3970 cunctaque
739 3909 817 3970 quae
832 3887 866 3956 in
881 3910 921 3957 eo
936 3897 1027 3971 sunt,
1042 3897 1104 3960 tua
1120 3899 1231 3960 erunt.
1253 3893 1342 3964 Amo

340 4012 386 4086 te,
403 4005 499 4075 visne
514 4003 596 4072 mihi
612 4005 784 4074 nubere?’'

425 4120 534 4204 “Non,
546 4122 720 4204 AEdepol,''
734 4123 843 4191 refert
853 4121 1085 4206 Pulchritudo,
1097 4147 1159 4194 nec
1169 4127 1253 4208 quin
1264 4151 1342 4198 con·

341 4239 552 4308 tremisceret
566 4261 602 4308 se
616 4239 790 4308 continere
805 4246 949 4322 poterat.
986 4241 1100 4310 Bestia
1114 4263 1150 4311 se
1166 4245 1266 4327 longe
1280 4246 1341 4316 hu·
