3482 5158
717 991 906 1046 crmscuun
1268 980 1311 1051 39

311 1180 414 1243 agere
428 1158 542 1241 vellet,
558 1180 638 1242 quae
651 1158 790 1242 quidem
803 1163 901 1230 tanti
915 1159 1084 1245 elegantia
1098 1161 1255 1245 hallabat,
1269 1167 1311 1232 ut

311 1298 435 1348 novam
450 1275 603 1346 omnium
617 1276 877 1347 admirationem
891 1276 935 1347 ad
950 1298 987 1348 se
1001 1285 1147 1362 raperet.

395 1412 450 1482 Ad
463 1432 598 1482 coeuam
620 1410 747 1494 Regius
773 1411 879 1481 Filius
897 1411 946 1481 ita
966 1433 1101 1483 mersus
1125 1420 1199 1483 erat
1224 1412 1312 1484 Cini-

310 1531 439 1600 sculam
454 1528 725 1612 contemplando,
739 1535 780 1598 ut
793 1529 893 1612 plane
908 1527 992 1598 nihil
1010 1528 1215 1613 delitiarum,
1232 1551 1312 1614 quae

310 1646 597 1731 dapinabantur,²⁴
610 1652 820 1716 attrectaret.
843 1645 941 1727 Quod
956 1646 1000 1716 ad
1015 1645 1219 1718 Cinisculam
1233 1647 1311 1718 atti·

308 1770 381 1847 net,
395 1763 469 1848 ipsa
483 1764 626 1834 solerter
640 1763 745 1834 dabat
759 1785 898 1847 operam
912 1771 953 1834 ut
969 1786 1074 1848 prope
1088 1784 1220 1835 sorores
1230 1785 1311 1835 suas

309 1881 535 1966 accumberet,
556 1881 660 1953 ethis
674 1881 850 1965 complura
864 1881 1113 1966 exquisitorum
1127 1880 1310 1952 fructuum

308 2022 447 2085 genera,
471 2021 492 2071 a
516 2000 623 2084 Regio
649 1999 734 2070 Filio
748 1998 811 2070 sibi
826 1999 940 2069 oblata
953 1999 1101 2068 vicissim
1122 1999 1309 2083 praeberet;

309 2125 414 2202 atque
428 2117 570 2202 insuper
592 2125 666 2188 tarn
690 2117 874 2200 benignam
900 2123 936 2186 ct
960 2116 1147 2187 humanam
1169 2137 1206 2186 se
1226 2137 1311 2200 erga

309 2258 367 2308 eas
395 2235 565 2320 prestitit,
596 2256 675 2319 quae
703 2233 841 2319 quidem
870 2234 1055 2305 admodum
1083 2233 1308 2319 mirabantur,

308 2353 470 2437 quoniam
483 2375 528 2423 ne
543 2352 707 2437 suspicari
721 2351 860 2435 quidem
881 2351 1044 2423 valebant
1058 2373 1138 2437 quae
1153 2373 1194 2422 ea
1208 2357 1308 2422 esset.

389 2487 545 2572 Denique
560 2494 601 2558 ut
614 2486 661 2557 ibi
677 2485 946 2570 discumbebant,
962 2485 1132 2557 Ciniscula
1155 2485 1305 2556 animad-

308 2605 415 2676 vertit
429 2604 643 2688 horologium
658 2603 873 2674 undecimam
894 2625 974 2674 cum
995 2603 1188 2674 dodrante²⁵
1212 2624 1309 2673 sona·

310 2744 358 2792 re.
380 2723 501 2806 ltaque
516 2721 674 2806 protinus
695 2721 853 2804 surrexit,
878 2721 1070 2805 proclinans
1094 2743 1131 2791 se
1156 2719 1310 2791 convivis

307 2838 569 2922 commendavit,
585 2847 690 2923 atque
704 2861 741 2910 se
756 2860 799 2908 ex
811 2838 923 2909 medio
938 2838 1089 2910 sustulit.
1104 2839 1226 2910 Redux
1240 2861 1310 2910 ma·

308 2956 435 3028 trinam
449 2957 541 3028 domi
556 2957 702 3027 offendit
714 2957 979 3040 praestolmtem.
991 2959 1179 3040 Postquam
1190 2957 1221 3027 ei
1232 2978 1310 3040 gra·

307 3073 373 3144 tias
386 3074 470 3158 egit,
485 3075 665 3145 certiorem
686 3096 761 3144 eam
784 3073 868 3144 iecit
892 3095 928 3144 se
954 3072 1058 3144 etiarn
1084 3075 1168 3145 alias
1189 3075 1308 3146 eodem

306 3192 357 3264 ire
370 3191 406 3263 iu
420 3192 510 3264 votis
520 3192 656 3275 habere,
668 3191 759 3276 quod
770 3191 900 3276 Regius
910 3190 1016 3262 Filius
1025 3214 1063 3263 se
1072 3192 1108 3262 in
1118 3192 1308 3277 proximam

307 3331 443 3394 quoque
457 3330 637 3393 vesperam
651 3309 694 3379 ad
709 3309 850 3380 choreas
862 3309 1035 3380 invitavit.
1061 3309 1154 3380 Dum
1176 3309 1309 3381 interea

306 3427 465 3498 matrinae
478 3449 552 3498 suae
565 3433 690 3498 cuncta
705 3448 793 3512 quae,
809 3419 845 3498 et
860 3427 1149 3512 quemadmodum
1164 3426 1231 3497 illic
1250 3449 1309 3510 ge·

308 3553 362 3616 sta
376 3554 486 3630 erant,
501 3569 544 3617 ex
559 3545 677 3616 ordine
690 3551 819 3629 namat,
835 3567 913 3617 ecce
927 3545 1006 3616 duae
1021 3566 1155 3618 sorores
1170 3547 1310 3632 pulsant

307 3663 444 3746 ostium,
461 3663 552 3748 quod
567 3663 737 3735 Ciniscula
750 3663 791 3733 iis
806 3663 950 3747 aperuit.

390 3795 481 3868 “Vos
495 3795 633 3881 quidem
648 3795 792 3866 nimium
806 3803 949 3867 moratae
969 3795 1081 3878 estis,”
1104 3796 1235 3867 affatur
1249 3817 1308 3868 eas

406 4067 447 4119 24.
459 4063 589 4133 Dapino,
611 4079 682 4128 -orc,
703 4063 750 4128 -oe',
767 4067 849 4127 tum,
870 4065 959 4132 dapes,
981 4065 1041 4118 slve
1060 4064 1309 4128 clboameusseap·

307 4165 378 4217 pono

379 4189 386 4204 ⁹
408 4233 449 4288 25.
462 4230 678 4297 Dodramsttis,
691 4250 735 4296 m,
747 4238 789 4287 est
800 4232 897 4286 tatius
909 4232 1052 4300 quadrans,
1066 4229 1106 4296 lt.
