3482 5158
612 945 782 1002 luemus
810 947 985 1003 mnnnmr
1257 939 1297 1009 13

294 1115 467 1187 censebat.
486 1114 641 1198 Denique
667 1115 761 1198 leges
783 1122 998 1186 commentus
1020 1123 1083 1200 est,
1107 1117 1231 1200 quibus
1251 1118 1295 1190 ab

294 1231 461 1304 Aladdino
477 1231 634 1303 satisfieri
648 1252 718 1302 non
733 1253 831 1316 posse
846 1232 1073 1304 existimabat.

377 1349 532 1420 “Nuntia
546 1370 628 1432 ergo
642 1348 744 1432 fili0,''
757 1348 855 1420 fatur
875 1349 1023 1434 denique
1047 1350 1220 1436 Sullanus,
1242 1351 1293 1424 “si

293 1467 366 1552 ipse
380 1467 485 1538 filiam
500 1487 613 1537 meam
627 1466 661 1536 in
678 1485 822 1536 uxorem
837 1465 962 1538 ducere
977 1469 1071 1551 velit,
1091 1469 1296 1555 quadragin-

293 1594 332 1658 ta
345 1585 505 1657 scutellas
518 1605 641 1656 aureos
662 1585 814 1658 eiusdem
840 1585 977 1670 generis
998 1587 1144 1670 gemmis
1167 1590 1296 1673 plenas,

295 1725 383 1790 quas
397 1710 500 1774 anteo
514 1703 599 1773 mihi
612 1704 750 1786 tuleras,
771 1703 954 1776 submittat
962 1725 971 1786 ;
993 1703 1164 1788 oportebit
1178 1727 1296 1790 quam·

294 1843 362 1906 que
377 1820 554 1891 scutellam
569 1819 704 1904 anigno
724 1842 824 1891 servo
849 1821 988 1904 portari,
1011 1841 1296 1907 unumquemque

293 1939 418 2010 horum
441 1937 588 2008 vicissim
602 1959 623 2008 a
636 1937 762 2008 iuvene
786 1944 946 2020 venusto,
970 1937 1047 2008 albo
1070 1959 1171 2009 servo
1199 1940 1294 2024 duci;

291 2057 354 2127 hos
367 2062 486 2126 autem
500 2075 618 2124 omnes
631 2053 812 2138 magnifico
826 2061 952 2126 ornatu
965 2053 1103 2126 indutos
1117 2077 1190 2127 esse
1200 2079 1297 2142 opor·

291 2173 388 2244 tebit
402 2173 501 2242 Tunc
514 2170 667 2253 demum,
680 2191 744 2241 nec
758 2171 863 2255 prius,
877 2170 982 2242 filiam
996 2192 1109 2242 meam
1123 2173 1155 2243 ei
1167 2173 1203 2243 in
1214 2196 1296 2246 uxo·

298 2311 371 2362 rem
385 2288 509 2360 dubo.”

378 2405 492 2477 Vidua
507 2404 649 2477 domum
669 2426 818 2489 reversa,
840 2405 914 2476 haec
939 2405 1108 2477 Aladdino
1132 2409 1296 2492 narravit,

294 2525 499 2607 monuitque
514 2543 595 2593 eum
610 2529 652 2593 ut
666 2543 766 2593 omne
791 2521 968 2593 consilium
994 2521 1160 2593 ducendae
1180 2524 1297 2610 Regiae

294 2639 390 2712 Filiae
404 2639 600 2723 deponeret.

378 2754 478 2826 “Non
500 2755 578 2839 sic,’'
605 2756 781 2840 respondit
802 2756 1011 2840 Aladdinus;
1033 2756 1138 2844 “quin
1162 2765 1198 2830 et
1219 2760 1298 2842 plus

294 2880 437 2958 ponatus
464 2893 574 2943 essem
602 2873 718 2943 facere
745 2895 849 2958 quam
876 2873 961 2958 haec,
982 2875 1026 2946 ad
1047 2875 1297 2947 conciliandum

294 2991 412 3075 Regiae
428 2989 511 3060 Fliae
525 2989 711 3073 animum,”
726 2989 850 3073 quibus
875 2990 974 3062 dictis
998 3013 1096 3064 suam
1121 2993 1297 3066 lucernum

295 3107 447 3193 protulit.

375 3225 492 3310 Quum
503 3223 622 3306 itaque
647 3223 771 3306 genius
797 3225 1053 3309 comparuisset,
1080 3225 1196 3297 docuit
1217 3248 1299 3298 eum

293 3341 375 3427 quid
389 3341 425 3411 in
440 3340 531 3411 votis
555 3339 707 3423 haberet,
722 3340 777 3410 hic
792 3361 829 3410 sc
843 3341 1056 3425 proclinavit,
1081 3341 1301 3413 Aladdinum·

299 3480 368 3544 que
392 3458 573 3528 certiorem
597 3456 692 3540 iecit,
715 3457 830 3529 omnia
853 3457 902 3528 ita
927 3459 1051 3530 futura
1076 3465 1117 3531 ut
1137 3459 1301 3530 iussisset

300 3574 405 3647 Haud
419 3574 531 3645 multo
544 3578 623 3658 post
637 3573 729 3644 idem
750 3574 794 3646 ad
820 3596 857 3645 se
881 3576 1025 3646 revertit
1050 3597 1130 3647 cum
1155 3575 1300 3660 quadru-

242 3705 245 3713 '
299 3693 396 3777 ginta
411 3691 520 3763 servis
533 3690 651 3775 nigris,
666 3691 793 3775 singuli
805 3713 885 3763 cum
899 3692 1004 3776 largis
1018 3691 1168 3764 scutellis
1177 3693 1301 3776 eureis,

296 3831 443 3894 quorum
458 3829 606 3892 quaeque
621 3808 665 3879 ad
680 3829 775 3908 oram
791 3829 901 3893 usque
915 3810 1017 3893 plena
1031 3817 1107 3880 erut
1132 3810 1299 3894 margari-

292 3927 347 4011 tis,
362 3923 612 4010 adamantibus,
627 3925 853 4008 carbunculis,
868 3927 1137 4011 smaragdisque,
1152 3948 1231 3998 cum
1243 3948 1302 3998 ve·

295 4044 408 4115 nustis
423 4042 653 4128 quadraginta
667 4043 777 4114 servis
791 4041 886 4126 albis,
907 4065 1055 4127 quorum
1070 4043 1215 4129 quisque
1228 4065 1297 4114 ma·

294 4160 418 4245 gnifico
445 4166 570 4230 ornatu
595 4159 739 4230 indutus
764 4166 850 4230 erat.
872 4159 917 4230 Hi
932 4181 1050 4231 omnes
1063 4160 1202 4231 domum
1225 4160 1302 4230 hor·
