3482 5158
430 977 473 1046 38
837 993 1027 1048 cmrscuun

427 1160 572 1244 Regiam
587 1159 709 1230 Filiam
722 1159 913 1244 advenisse,
927 1181 1031 1244 quam
1045 1181 1147 1232 nemo
1162 1162 1388 1245 cognovisset,
1404 1161 1433 1233 is

425 1277 500 1362 ipse
514 1298 591 1347 eam
603 1277 792 1348 intrantem
808 1277 951 1362 excepit.
967 1278 1031 1348 Hic
1045 1301 1122 1349 eam
1137 1279 1217 1348 inde
1232 1299 1253 1348 a
1268 1279 1374 1349 rheda
1395 1278 1431 1349 in

426 1395 542 1464 aulam
554 1394 690 1464 induxit
705 1393 949 1478 ballistiorum3
972 1416 1041 1479 quo
1063 1417 1172 1478 quum
1195 1417 1238 1467 ea
1264 1396 1432 1479 pervenit,

427 1532 562 1582 summo
578 1511 711 1582 silentio
724 1512 840 1582 cuncti
856 1520 1044 1595 praesentes
1058 1513 1202 1597 perculsi
1228 1521 1321 1596 sunt,
1340 1513 1433 1598 quod

427 1650 530 1698 nemo
545 1649 665 1699 eorum
680 1628 716 1698 in
731 1628 824 1698 omni
839 1649 903 1699 sua
917 1629 992 1700 vita
1001 1630 1150 1713 puellam
1162 1636 1270 1700 tantae
1285 1629 1432 1713 pulchri·

426 1744 557 1816 tudinis
569 1745 713 1815 viderat.
736 1745 803 1830 Qui
827 1752 910 1816 tunc
932 1745 1114 1829 saltabant,
1138 1747 1302 1817 continuo
1323 1769 1431 1818 cessa·

428 1870 528 1945 runt;
551 1862 612 1945 oui
634 1861 759 1932 fidibus
785 1862 965 1941 canebant,
988 1862 1158 1948 extemplo
1181 1865 1433 1948 conticuerunt,

426 1979 533 2051 oculis
548 2001 668 2050 eorum
682 1979 718 2049 in
732 1978 833 2050 modo
849 1979 1038 2050 intrantem
1059 1979 1280 2064 haerentibus,
1304 2003 1344 2052 ac
1365 1981 1434 2052 leni

425 2119 604 2168 murmure
618 2097 738 2166 oborto
752 2097 869 2168 cuncti
884 2103 1126 2168 susurrarunt:

509 2213 650 2297 “Ehem,
666 2235 770 2298 quam
784 2214 859 2298 ipsa
874 2213 1030 2284 amabilis
1043 2221 1097 2285 est
1107 2214 1136 2284 !”

508 2331 582 2402 Rex
611 2330 696 2402 adeo
717 2331 801 2415 ipse,
825 2336 929 2401 aetate
954 2331 1157 2415 provectior,
1182 2333 1297 2403 oculos
1322 2332 1367 2403 ab
1387 2353 1430 2404 ea

423 2455 580 2520 avertere
601 2448 775 2532 nequibat.
796 2448 849 2518 Ex
872 2447 1061 2520 diutissimo
1087 2455 1242 2534 tempore
1256 2485 1298 2496 -
1314 2471 1430 2522 susur-

423 2566 523 2637 rabat
538 2567 679 2650 Reginae
693 2601 734 2612 -
748 2587 784 2636 se
799 2572 872 2637 tam
885 2567 1073 2638 formosam
1093 2574 1345 2652 venustamque
1360 2569 1428 2640 vir·

422 2682 540 2767 ginem
552 2704 623 2753 non
636 2681 771 2753 vidisse.

508 2800 650 2872 Cunctae
664 2807 832 2870 matronae
846 2801 1012 2870 mirantes
1036 2801 1261 2884 aspectabant
1275 2803 1349 2874 eius
1363 2809 1430 2874 sto·

423 2921 501 3002 latu,
527 2917 722 3000 calthulam,
744 2917 907 3000 tunicam,
930 2924 1113 3001 totumque
1136 2919 1302 2990 muliebre
1328 2941 1426 2992 orna·

422 3043 588 3119 mentum,
604 3037 649 3107 ab
662 3035 810 3106 invicem
824 3035 1043 3120 scisdmntes,
1057 3043 1178 3107 utrum
1192 3037 1361 3109 sutncesa
1375 3061 1428 3108 re-

421 3152 525 3238 periri
540 3161 689 3236 possent,
703 3173 784 3237 quae
808 3152 1010 3224 indumenta
1034 3152 1088 3223 bis
1112 3153 1234 3225 similia
1260 3154 1427 3226 conficere

421 3271 587 3342 valerent.
610 3269 738 3354 Regius
760 3270 867 3342 Filius
889 3290 965 3340 eam
989 3271 1034 3341 ad
1059 3270 1284 3342 editissimum
1314 3273 1426 3343 locum

421 3387 575 3471 adduxit,
601 3387 793 3472 petivitque
816 3388 860 3458 ab
885 3407 926 3458 ea
946 3393 988 3458 ut
1013 3389 1141 3471 primas
1155 3409 1271 3460 secum
1285 3389 1426 3462 choreas

419 3637 596 3703 abbatissae,
611 3655 659 3707 pro
669 3639 775 3693 abbate.
793 3641 829 3692 At
840 3633 899 3693 haec
911 3654 966 3693 non
978 3645 1043 3693 aunt
1055 3639 1153 3693 latine
1165 3641 1246 3702 dicta,
1259 3641 1319 3695 ideo
1331 3643 1371 3696 eis
1381 3641 1423 3696 uti

420 3723 586 3791 supersedeo,
599 3739 719 3791 voceque
731 3723 803 3776 filios
814 3738 908 3790 regum
921 3721 1019 3789 repe·
1024 3719 1119 3788 filios,
1136 3723 1207 3777 filias
1217 3730 1310 3778 autem
1322 3723 1425 3792 copiae

414 3805 515 3874 filias·
528 3807 574 3860 sed
585 3807 681 3874 lingua
692 3805 883 3860 Ecclesiastico
899 3803 1099 3869 Abbatiaeam,
1119 3811 1258 3874 umquam
1275 3808 1423 3862 terminum

420 3891 577 3945 techuicum
588 3907 643 3944 uon
656 3891 754 3944 abnuo.

520 3975 561 4028 23.
574 3971 680 4028 Sutria
690 3971 765 4036 -icis,
774 3979 816 4028 est
824 3974 922 4028 multer
935 3989 995 4042 que
1004 3973 1066 4036 suit,
1079 3974 1131 4027 boc
1143 3980 1192 4037 est,
1204 3989 1273 4044 quae
1284 3975 1425 4030 indumen·

419 4063 449 4112 ta
461 4057 603 4111 muliebria
616 4057 734 4120 conficis
756 4063 785 4110 at
806 4063 889 4121 autor,
909 4057 1060 4111 masculino
1078 4073 1185 4124 genere,
1202 4073 1258 4112 non
1275 4064 1366 4113 vester
1389 4075 1423 4114 ex

419 4155 517 4209 muno,
529 4141 576 4194 sed
587 4141 691 4194 calceos
708 4141 770 4202 suit,
788 4141 929 4195 confector
945 4145 1037 4194 autem
1049 4141 1167 4194 vestium
1184 4140 1306 4195 virilium
1319 4145 1423 4197 aanor
