3522 5156
409 999 450 1070 58
670 1017 928 1073 auncuarruno
950 1018 1149 1074 cousoarns

408 1183 512 1267 longo
525 1186 590 1255 isto
605 1207 723 1256 somno
738 1187 781 1256 ad
797 1187 1014 1270 suggerenda
1028 1187 1060 1258 ei
1069 1187 1190 1258 suavia
1201 1189 1333 1259 somnia
1342 1211 1412 1260 non

409 1284 568 1356 defuisse.
595 1285 767 1356 Ceterum
793 1285 959 1370 quidquid
985 1288 1094 1358 fuerit
1118 1295 1252 1358 certum
1276 1295 1328 1360 est
1354 1311 1412 1361 eos

408 1392 594 1468 quaternas
609 1385 712 1456 horas
727 1386 918 1457 delectabili
932 1387 1098 1471 colloquio
1112 1389 1276 1471 exegisse,
1297 1410 1412 1474 neque

409 1485 513 1555 etiam
528 1492 612 1555 tunc
627 1487 683 1556 vel
697 1486 876 1556 dimidium
891 1509 1010 1558 earum
1025 1487 1179 1558 omnium
1195 1509 1311 1559 rerum
1326 1513 1413 1574 quas

408 1585 495 1655 alter
510 1586 608 1656 alteri
622 1608 762 1656 narrare
778 1587 966 1670 cupiverat,
981 1589 1120 1672 penitus
1133 1588 1339 1660 exhausisse.

492 1686 633 1756 Interim
648 1687 746 1756 iuxta
760 1709 840 1757 cum
855 1687 962 1770 Regia
978 1688 1063 1759 Filia
1077 1711 1196 1759 omnes
1210 1689 1329 1760 incolae
1354 1711 1413 1774 pa·

408 1785 480 1856 latii
508 1787 769 1870 evigilaverunt.
802 1787 875 1858 Hoc
899 1790 1003 1872 facto,
1026 1789 1151 1873 singuli
1176 1811 1240 1860 sua
1265 1811 1411 1874 quaeque

407 1885 526 1955 munia
537 1885 631 1957 obire
645 1885 854 1970 cogitabant,
868 1895 914 1970 et,
930 1888 1090 1971 quoniam
1105 1911 1174 1959 non
1189 1911 1309 1960 omncs
1319 1911 1413 1961 arno·

407 2007 444 2056 re
459 1987 624 2070 calebant,
641 2009 769 2071 magna
782 1989 878 2058 fame
903 1989 1019 2071 urgeri
1044 1997 1232 2072 coeperunt.
1255 1989 1412 2062 Domnae·

407 2086 487 2156 dia²¹
501 2087 616 2171 regiae,
630 2087 704 2170 ipsa
718 2095 759 2158 ut
772 2088 887 2158 eoeteri
902 2089 1069 2172 famelica,
1086 2088 1203 2172 Regiae
1224 2090 1318 2161 Filiae
1339 2091 1412 2161 sine

408 2207 504 2256 mora
518 2186 701 2258 nuntiabat
715 2209 848 2258 coenam
861 2195 1018 2272 paratam
1032 2210 1115 2259 esse.
1133 2188 1260 2273 Regius
1274 2191 1414 2262 Iuvenis

407 2287 540 2370 puellae,
557 2287 678 2358 electo
693 2288 859 2372 surgenti,
880 2288 1079 2360 adiumento
1093 2290 1231 2360 aderat:
1253 2290 1327 2374 ipsa
1347 2290 1414 2362 uti·

407 2407 475 2469 que
490 2386 627 2456 omnino
642 2394 717 2458 erat
731 2389 907 2472 adornata,
928 2396 965 2459 et
987 2389 1052 2460 hoc
1078 2389 1413 2474 magnificentissimo

406 2486 518 2570 modo,
532 2487 604 2571 ipse
619 2495 736 2559 tamen
761 2489 908 2559 cavebat
920 2511 965 2560 ne
979 2489 1011 2560 ei
1026 2491 1186 2575 proderet
1208 2491 1412 2562 indumenta

406 2607 470 2656 sua
484 2587 630 2671 speciem
653 2588 745 2659 modi
767 2589 924 2672 veterati,
950 2611 1024 2660 suae
1038 2590 1135 2674 aviae,
1150 2613 1222 2674 prae
1246 2613 1282 2662 se
1307 2592 1411 2664 ferre.

404 2707 484 2756 cum
499 2688 613 2758 collari
626 2689 736 2772 rigido
750 2689 872 2772 grandi
896 2711 936 2760 ac
956 2690 1077 2761 striata
1100 2689 1190 2762 circa
1211 2692 1347 2762 collum.
1369 2691 1408 2762 ld

403 2793 520 2858 tamen
543 2789 674 2859 nullam
698 2796 834 2872 partem
861 2811 934 2860 suae
958 2789 1223 2874 pulchritudinis
1248 2791 1407 2862 detraxit

405 2885 627 2959 Coenaculmn
639 2889 781 2972 grande,
796 2889 941 2971 speculis
954 2890 1108 2974 undique
1119 2892 1295 2975 refulgens
1305 2891 1412 2962 intra-

406 2987 499 3070 bant,
513 2988 628 3072 ibique
643 2997 878 3072 coenaverunt,
893 2991 1064 3073 pincernis
1085 2991 1188 3074 regiis
1211 3013 1340 3063 mensae
1360 2993 1411 3062 in-

405 3089 643 3174 servientibus,
657 3090 741 3161 dum
751 3089 861 3160 fides²²
874 3098 978 3174 atque
989 3091 1142 3161 buccinae
1152 3092 1320 3176 antiquas,
1331 3093 1411 3164 licet

407 3211 573 3275 perquam
587 3191 703 3262 dulces
718 3191 919 3262 accinebant
933 3191 1106 3275 melodias,
1121 3199 1261 3263 centum
1276 3193 1411 3263 annisa

404 3291 542 3362 nemine
566 3292 711 3364 auditas.
748 3291 831 3363 Post
856 3313 989 3363 coenam
1017 3292 1164 3376 denique
1189 3294 1411 3377 capellanus²⁸

406 3391 548 3474 aulicus,
563 3391 598 3460 in
614 3393 735 3462 sacello
750 3391 855 3476 regio,
870 3392 964 3462 haud
988 3393 1093 3475 longa
1116 3392 1319 3476 interposita
1341 3415 1412 3465 mo·

406 3496 454 3576 ra,
468 3514 526 3564 eos
541 3492 680 3563 vinculo
695 3493 903 3564 matrimonii
917 3493 1038 3564 iunxit.

501 3715 543 3767 21.
560 3713 745 3775 Procuratrix,
760 3713 982 3767 administratrix
994 3713 1098 3766 domna
1122 3755 1127 3764 .

501 3783 543 3834 22
559 3777 661 3842 Mu,
677 3778 725 3842 -ss',
739 3780 769 3842 f..
782 3781 866 3834 etism
878 3781 1019 3847 significat
1031 3781 1149 3834 chordas
1162 3781 1410 3833 instrumentorum

404 3847 580 3911 musicorum,
597 3847 725 3901 ethinci
745 3863 806 3902 sum
818 3863 926 3915 quoqne
942 3847 1159 3901 instrumentum
1179 3847 1323 3908 musicum,
1333 3861 1410 3914 puss-

402 3863 746 4036 dslsozwnmresrafflglursfilrf,
759 3921 869 3982 propter
880 3916 1002 3982 quinque
1022 3915 1098 3977 tides,
1106 3911 1184 3981 fidas
1204 3919 1327 3976 vocatur,
1347 3929 1410 3980 quse

407 3995 428 4049 p
506 3997 648 4102 ἳῦῗεὸιοοτ
666 4064 697 4101 os
708 4021 823 4102 stilicus.

752 4233 1061 4304 FINIS.
