3540 5156
417 959 481 1030 158
750 969 858 1024 anon
878 967 925 1022 nr
946 965 1082 1022 ostoun

415 1141 550 1214 obsistit
573 1138 717 1221 inimici;
739 1137 827 1208 alius
851 1136 916 1207 sub
941 1134 1048 1206 oculis
1071 1133 1219 1204 dominae
1240 1134 1415 1217 speculum

415 1258 577 1345 praegerit
585 1279 594 1340 ;
615 1277 737 1327 currus
749 1255 884 1338 biiuges
898 1253 953 1324 alii
968 1251 1165 1323 subnatant

500 1375 592 1446 Talis
606 1374 650 1445 ad
664 1373 839 1444 Oceanum
859 1378 1062 1455 pergentem
1085 1371 1257 1440 Venerem
1280 1369 1419 1440 comita-

417 1503 477 1566 tur
491 1491 671 1564 exercitus

499 1613 636 1682 Interea
651 1607 780 1692 Psyche
796 1629 875 1677 curn
896 1627 959 1676 sua
984 1605 1047 1676 sibi
1073 1605 1246 1689 praecipua
1271 1606 1418 1688 pulchri·

416 1729 535 1800 tudine
549 1728 681 1797 nullum
696 1723 826 1795 decoris
840 1723 892 1794 sui
906 1724 1061 1792 fructum
1075 1723 1227 1806 percipit.
1236 1721 1418 1806 Spectatur

416 1847 460 1918 ab
486 1844 654 1926 omnibus,
679 1842 841 1912 laudatur
867 1840 911 1910 ab
937 1839 1111 1921 omnibus;
1133 1861 1196 1909 nec
1225 1839 1416 1926 quisquam,

417 1985 486 2033 non
510 1983 580 2044 rex,
606 1982 674 2030 non
701 1959 827 2042 regius,
852 1979 916 2027 nec
941 1956 983 2026 de
1009 1957 1106 2040 plebe
1121 1957 1253 2041 saltem,
1266 1958 1418 2043 cupiens,

417 2080 490 2152 eius
503 2078 704 2162 nuptiarum
718 2076 845 2160 petitor
857 2074 998 2144 accedit.
1020 2073 1191 2144 Mirantur
1216 2076 1354 2158 quidem
1369 2077 1416 2148 di·

419 2199 538 2268 vinam
552 2195 708 2279 speciem,
718 2193 777 2263 sed
791 2198 833 2263 ut
847 2192 1066 2262 simulacrum
1080 2193 1180 2262 fabre
1194 2193 1348 2277 politum,
1358 2195 1420 2264 mi-

419 2322 542 2385 rantur
570 2333 697 2382 omnes.
727 2310 815 2381 Olim
840 2309 919 2379 duae
940 2308 1085 2378 maiores
1108 2329 1250 2391 sorores,
1272 2332 1418 2393 quarum

420 2437 647 2515 temperatam
667 2427 917 2498 formositatem
939 2425 1024 2496 nulli
1046 2425 1290 2496 diffamarant²³
1305 2428 1421 2513 populi

419 2549 529 2632 procis
544 2546 683 2630 regibus
696 2545 881 2628 desponsae,
902 2543 971 2614 iam
986 2543 1104 2613 beatas
1117 2545 1257 2627 nuptias
1271 2545 1421 2629 adeptae:

419 2665 479 2736 sed
495 2663 627 2747 Psyche
642 2662 742 2745 virgo
753 2661 860 2731 vidua
881 2660 973 2730 domi
995 2660 1156 2743 residens,
1182 2660 1285 2731 deflet
1310 2663 1422 2734 deser·

420 2789 493 2853 tam
508 2803 605 2852 suam
618 2777 845 2860 solitudinem,
860 2799 954 2860 aegra
974 2777 1134 2860 corporis,
1158 2779 1262 2847 animi
1287 2781 1420 2864 saucia;

420 2908 456 2970 et
470 2896 628 2982 quamvis
642 2895 803 2979 gentibus
817 2894 899 2964 totis
919 2894 1164 2977 complacitam,
1179 2895 1251 2965 odit
1266 2895 1300 2965 in
1316 2919 1352 2966 se
1367 2919 1422 2968 su·

420 3039 477 3087 am
492 3013 753 3085 formositatem.
785 3011 839 3082 Sic
853 3011 1173 3081 infortunatissimae
1186 3011 1263 3082 filiae
1277 3013 1423 3083 miserri-

419 3155 498 3204 mus
513 3138 620 3215 pater,
636 3129 840 3212 suspectatis
855 3127 1050 3198 coelestibus
1064 3129 1157 3211 odiis,
1173 3135 1208 3198 et
1233 3129 1294 3200 irae
1316 3130 1421 3215 Supe

419 3255 497 3323 rdm
511 3256 679 3330 metuens,
693 3246 756 3316 Dei
779 3245 925 3316 Milesii²⁴
946 3245 1220 3316 vetustissimum
1245 3256 1422 3330 perconta-

520 3468 561 3520 23.
578 3465 660 3518 Nulla
671 3463 819 3516 multitudo
832 3463 1005 3529 praedicabat,
1023 3463 1127 3517 famam
1140 3463 1354 3530 pulchritudinis
1365 3481 1424 3532 pro·

419 3551 557 3606 clamabat
574 3554 658 3615 atque
675 3546 854 3600 diffundebat.

521 3635 562 3686 24.
573 3632 690 3692 Miletus,
703 3630 769 3683 urba
781 3630 875 3691 Cariae,
889 3631 920 3682 in
932 3629 999 3682 Asia
1019 3629 1126 3692 Minori;
1147 3631 1220 3684 Deua
1239 3630 1361 3686 Milesius
1378 3639 1421 3686 est

418 3720 526 3787 Apollo,
538 3722 635 3783 utpote
646 3715 692 3782 qui
706 3715 764 3767 illic
778 3714 910 3780 templum
932 3720 1014 3780 atque
1027 3714 1168 3767 oraculum
1190 3714 1317 3769 habebat.
1342 3716 1421 3770 Ionia

420 3809 480 3858 erat
492 3800 630 3868 provintia
643 3799 716 3851 Asiae
728 3797 848 3850 Minoris.
862 3795 1004 3850 Conditor
1024 3795 1158 3859 Milesia,
1176 3798 1235 3850 slve
1254 3798 1351 3860 Mileti,
1368 3799 1424 3852 fuit

420 3885 531 3954 quidem
554 3883 672 3944 Miletus;
693 3886 723 3933 at
746 3897 797 3933 nec
816 3881 914 3947 Apollo
925 3881 981 3933 ruit
992 3881 1108 3942 lonicus,
1121 3881 1221 3948 quippe
1233 3882 1281 3948 qui
1292 3883 1322 3935 in
1333 3883 1425 3936 insula

420 3970 496 4030 Delo,
505 3967 535 4020 in
544 3965 612 4019 Mari
625 3965 728 4031 AEgaeo,
739 3964 829 4016 fertur
840 3964 928 4016 fuisse
938 3971 1028 4026 natus,
1041 3980 1092 4017 nec
1105 3964 1214 4017 Miletus
1225 3965 1308 4018 scivit
1318 3966 1424 4028 Latine,

397 4121 400 4128 Ι
420 4053 520 4121 qnippe
531 4051 578 4117 qui
592 4049 663 4104 Solis
675 4048 775 4102 dieitur
787 4047 874 4100 fuisse
886 4047 968 4108 filius,
981 4048 1034 4100 hoc
1047 4054 1089 4101 est
1102 4048 1280 4111 antiquitatis
1290 4049 1424 4104 fabulosae

420 4139 504 4202 longe
516 4139 599 4187 antea
611 4149 692 4200 quam
706 4133 765 4186 sive
777 4131 895 4192 Latium,
919 4130 990 4183 unde
1012 4131 1112 4184 latina
1123 4131 1219 4198 lingua
1227 4133 1362 4198 originem
1370 4139 1422 4186 tra·

419 4221 468 4282 xit,
482 4218 542 4272 sive
552 4217 638 4270 Roma
650 4217 761 4270 condita
779 4220 857 4268 esset.
