3554 5156
697 1669 844 1740 FERl
880 1667 1112 1742 OLORES

495 2259 835 2415 DISSITISSIMIS
849 2337 885 2408 in
899 2337 1012 2420 terris,
1028 2337 1096 2420 quo
1117 2335 1328 2421 temporibus
1348 2357 1406 2406 no·

404 2451 486 2526 stris
499 2452 651 2526 bibernis
664 2453 866 2526 hirundines
878 2455 1104 2540 commigrare
1118 2454 1240 2538 solent,
1251 2476 1311 2526 rex
1321 2453 1409 2525 vixit

406 2571 589 2656 quondam
604 2572 659 2642 cui
672 2579 771 2643 erant
786 2571 945 2643 undecim
959 2571 1030 2654 filii,
1044 2571 1211 2655 unicoque
1235 2571 1315 2655 filia,
1338 2575 1407 2642 tor-

404 2688 605 2772 mosissima,
621 2689 722 2760 Elisa
737 2688 903 2761 Undecim
918 2691 1055 2772 fratres,
1069 2689 1128 2760 filii
1144 2688 1246 2774 regis,
1259 2689 1409 2760 scholam

405 2805 686 2890 frequentabant,
707 2805 813 2878 stellis
835 2807 871 2878 in
892 2805 1088 2890 pectoribus
1110 2805 1232 2890 ornati,
1254 2827 1353 2877 enses
1372 2805 1409 2878 in

403 2923 571 2996 lateribus
584 2931 756 3007 gerentes,
772 2923 905 2996 tabellis
918 2923 1032 2995 aureis
1054 2925 1109 2994 usi
1132 2929 1168 2994 et
1189 2923 1311 3008 pennis
1330 2923 1411 2996 ada·

404 3040 579 3124 mantinis,
594 3039 764 3126 peritique
778 3049 879 3113 erant
893 3042 1029 3127 legendi
1043 3065 1064 3114 e
1077 3043 1181 3126 libris,
1206 3040 1347 3128 perinde
1368 3061 1409 3114 sc

404 3159 496 3242 sine;
517 3181 587 3230 uno
611 3158 729 3243 verbo,
754 3181 813 3231 eos
837 3159 925 3231 filios
949 3181 1023 3232 esse
1048 3159 1140 3245 regis
1154 3158 1294 3243 cognitu
1308 3157 1416 3231 facile

405 3283 491 3350 crat
512 3275 615 3348 Soror
629 3297 760 3361 eorum,
784 3277 885 3361 Elisa,
908 3277 944 3348 in
969 3277 1113 3350 mabello
1137 3277 1267 3350 solebat
1292 3277 1410 3349 sedere

404 3395 527 3475 vitreo,
554 3393 703 3465 libellum
729 3393 888 3466 lectitans
910 3394 1118 3480 imaginibus
1141 3393 1348 3466 illustratum
1361 3393 1412 3465 in·

403 3509 519 3596 gentis
532 3509 643 3594 pretii.
666 3509 782 3582 Proles
794 3511 871 3583 istae
895 3511 1100 3584 felicissimae
1124 3517 1236 3594 erant,
1250 3517 1287 3584 at
1305 3509 1411 3582 felici·

402 3634 477 3700 tate
491 3649 533 3698 ea
546 3626 583 3698 in
596 3633 802 3711 perpetuum
816 3628 898 3712 frui,
913 3629 955 3700 iis
968 3628 1089 3700 datum
1104 3649 1174 3699 non
1189 3633 1251 3699 ost

489 3743 594 3816 Pater
616 3765 745 3828 earum,
760 3765 831 3830 rex,
844 3745 1000 3830 reginam
1023 3745 1217 3829 quamdam,
1231 3745 1410 3816 mulierem

403 3861 678 3947 perditissimam,
692 3860 791 3933 duxit
806 3883 958 3945 uxorem,
970 3883 1048 3946 oure
1061 3883 1146 3947 erga
1158 3863 1271 3948 proles
1284 3883 1411 3946 nequa·

404 3999 508 4063 quam
522 3977 709 4050 humanam
723 4001 760 4050 se
774 3979 945 4064 prestitit„
957 3979 1074 4052 Proles
1087 3987 1240 4064 experta
1253 3978 1318 4052 hoc
1328 3985 1409 4052 sunt

403 4095 524 4168 statim
538 4101 615 4179 post
628 4095 778 4180 nuptias,
794 4095 877 4167 dum
892 4095 1066 4182 hospitum
1081 4096 1184 4168 trrrba
1196 4096 1233 4168 in
1247 4095 1344 4181 regia
1352 4117 1410 4170 us-

404 4235 473 4298 que
488 4211 756 4296 superstitebat;
776 4235 858 4284 nam
879 4234 987 4297 quum
1009 4213 1106 4298 pueri
1131 4213 1211 4286 ludo
1235 4213 1410 4298 hospitum
