<?xml version="1.0" encoding="UTF-8"?>
<!DOCTYPE html PUBLIC "-//W3C//DTD XHTML 1.0 Transitional//EN"
    "http://www.w3.org/TR/xhtml1/DTD/xhtml1-transitional.dtd">
<html xmlns="http://www.w3.org/1999/xhtml" xml:lang="en" lang="en">
 <head>
  <title>
</title>
<meta http-equiv="Content-Type" content="text/html;charset=utf-8" />
  <meta name='ocr-system' content='tesseract 3.04.00' />
  <meta name='ocr-capabilities' content='ocr_page ocr_carea ocr_par ocr_line ocrx_word'/>
</head>
<body>
  <div class='ocr_page' id='page_1' title='image "./fabuldivalesexn00apulgoog_0054.png"; bbox 0 0 3522 5156; ppageno 0'>
   <div class='ocr_carea' id='block_1_1' title="bbox 731 969 1325 1039">
    <p class='ocr_par' dir='ltr' id='par_1_1' title="bbox 731 969 1325 1039">
     <span class='ocr_line' id='line_1_1' title="bbox 731 969 1325 1039; baseline 0.005 -3"><span class='ocrx_word' id='word_1_1' title='bbox 731 981 921 1036; x_wconf 76' lang='lat' dir='ltr'><strong>cuuscucn</strong></span> <span class='ocrx_word' id='word_1_2' title='bbox 1283 969 1325 1039; x_wconf 76' lang='lat'><strong>43</strong></span> 
     </span>
    </p>
   </div>
   <div class='ocr_carea' id='block_1_2' title="bbox 321 1147 1327 2523">
    <p class='ocr_par' dir='ltr' id='par_1_2' title="bbox 321 1147 1327 2171">
     <span class='ocr_line' id='line_1_2' title="bbox 323 1147 1326 1235; baseline 0.002 -15"><span class='ocrx_word' id='word_1_3' title='bbox 323 1171 364 1222; x_wconf 92' lang='lat' dir='ltr'><strong>ac</strong></span> <span class='ocrx_word' id='word_1_4' title='bbox 376 1149 516 1222; x_wconf 86' lang='lat' dir='ltr'><strong>taudem</strong></span> <span class='ocrx_word' id='word_1_5' title='bbox 530 1149 579 1221; x_wconf 88' lang='lat' dir='ltr'><strong>sic</strong></span> <span class='ocrx_word' id='word_1_6' title='bbox 592 1150 668 1220; x_wconf 83' lang='lat' dir='ltr'><strong>iata</strong></span> <span class='ocrx_word' id='word_1_7' title='bbox 681 1154 751 1220; x_wconf 87' lang='lat' dir='ltr'><strong>est:</strong></span> <span class='ocrx_word' id='word_1_8' title='bbox 773 1147 910 1231; x_wconf 77' lang='lat' dir='ltr'><strong>“Sinite,</strong></span> <span class='ocrx_word' id='word_1_9' title='bbox 925 1170 1052 1233; x_wconf 60' lang='lat' dir='ltr'><strong>quaro,</strong></span> <span class='ocrx_word' id='word_1_10' title='bbox 1066 1157 1155 1221; x_wconf 90' lang='lat' dir='ltr'><strong>utet</strong></span> <span class='ocrx_word' id='word_1_11' title='bbox 1170 1173 1236 1235; x_wconf 91' lang='lat' dir='ltr'><strong>ego</strong></span> <span class='ocrx_word' id='word_1_12' title='bbox 1251 1158 1326 1222; x_wconf 88' lang='lat' dir='ltr'><strong>ten·</strong></span> 
     </span>
     <span class='ocr_line' id='line_1_3' title="bbox 325 1264 1325 1351; baseline 0.001 -13"><span class='ocrx_word' id='word_1_13' title='bbox 325 1275 406 1350; x_wconf 86' lang='lat' dir='ltr'><strong>tem,</strong></span> <span class='ocrx_word' id='word_1_14' title='bbox 420 1267 518 1351; x_wconf 84' lang='lat' dir='ltr'><strong>siquo</strong></span> <span class='ocrx_word' id='word_1_15' title='bbox 532 1287 613 1338; x_wconf 91' lang='lat' dir='ltr'><strong>casu</strong></span> <span class='ocrx_word' id='word_1_16' title='bbox 627 1287 705 1337; x_wconf 91' lang='lat' dir='ltr'><strong>meo</strong></span> <span class='ocrx_word' id='word_1_17' title='bbox 719 1264 796 1350; x_wconf 86' lang='lat' dir='ltr'><strong>pedi</strong></span> <span class='ocrx_word' id='word_1_18' title='bbox 809 1265 1021 1336; x_wconf 88' lang='lat' dir='ltr'><strong>conveniat.”</strong></span> <span class='ocrx_word' id='word_1_19' title='bbox 1037 1265 1176 1338; x_wconf 78' lang='lat' dir='ltr'><strong>Sorores</strong></span> <span class='ocrx_word' id='word_1_20' title='bbox 1190 1268 1325 1339; x_wconf 83' lang='lat' dir='ltr'><strong>adstan-</strong></span> 
     </span>
     <span class='ocr_line' id='line_1_4' title="bbox 324 1382 1326 1469; baseline -0.001 -13"><span class='ocrx_word' id='word_1_21' title='bbox 324 1391 377 1456; x_wconf 68' lang='lat' dir='ltr'><strong>tes</strong></span> <span class='ocrx_word' id='word_1_22' title='bbox 391 1383 585 1456; x_wconf 84' lang='lat' dir='ltr'><strong>deriserunt</strong></span> <span class='ocrx_word' id='word_1_23' title='bbox 599 1404 639 1453; x_wconf 91' lang='lat' dir='ltr'><strong>ac</strong></span> <span class='ocrx_word' id='word_1_24' title='bbox 653 1382 919 1454; x_wconf 83' lang='lat' dir='ltr'><strong>ludificaverunt</strong></span> <span class='ocrx_word' id='word_1_25' title='bbox 933 1403 1021 1454; x_wconf 87' lang='lat' dir='ltr'><strong>earn.</strong></span> <span class='ocrx_word' id='word_1_26' title='bbox 1036 1383 1083 1453; x_wconf 86' lang='lat' dir='ltr'><strong>At</strong></span> <span class='ocrx_word' id='word_1_27' title='bbox 1097 1384 1251 1467; x_wconf 88' lang='lat' dir='ltr'><strong>nuntius,</strong></span> <span class='ocrx_word' id='word_1_28' title='bbox 1266 1385 1326 1469; x_wconf 84' lang='lat' dir='ltr'><strong>qui</strong></span> 
     </span>
     <span class='ocr_line' id='line_1_5' title="bbox 324 1500 1326 1586; baseline -0.001 -13"><span class='ocrx_word' id='word_1_29' title='bbox 324 1503 451 1574; x_wconf 83' lang='lat' dir='ltr'><strong>soleam</strong></span> <span class='ocrx_word' id='word_1_30' title='bbox 478 1500 629 1584; x_wconf 89' lang='lat' dir='ltr'><strong>tenebat,</strong></span> <span class='ocrx_word' id='word_1_31' title='bbox 650 1500 1008 1585; x_wconf 84' lang='lat' dir='ltr'><strong>animadverteratque</strong></span> <span class='ocrx_word' id='word_1_32' title='bbox 1029 1522 1133 1586; x_wconf 85' lang='lat' dir='ltr'><strong>quarn</strong></span> <span class='ocrx_word' id='word_1_33' title='bbox 1156 1500 1326 1573; x_wconf 89' lang='lat' dir='ltr'><strong>Ciniscula</strong></span> 
     </span>
     <span class='ocr_line' id='line_1_6' title="bbox 326 1617 1326 1704; baseline -0.002 -14"><span class='ocrx_word' id='word_1_34' title='bbox 326 1618 468 1704; x_wconf 81' lang='lat' dir='ltr'><strong>pulchra</strong></span> <span class='ocrx_word' id='word_1_35' title='bbox 482 1625 583 1701; x_wconf 83' lang='lat' dir='ltr'><strong>esset,</strong></span> <span class='ocrx_word' id='word_1_36' title='bbox 596 1618 713 1688; x_wconf 90' lang='lat' dir='ltr'><strong>docuit</strong></span> <span class='ocrx_word' id='word_1_37' title='bbox 738 1639 797 1688; x_wconf 91' lang='lat' dir='ltr'><strong>eas</strong></span> <span class='ocrx_word' id='word_1_38' title='bbox 823 1617 886 1688; x_wconf 86' lang='lat' dir='ltr'>sibi</span> <span class='ocrx_word' id='word_1_39' title='bbox 911 1618 1157 1689; x_wconf 86' lang='lat' dir='ltr'><strong>demandatum</strong></span> <span class='ocrx_word' id='word_1_40' title='bbox 1179 1639 1264 1703; x_wconf 87' lang='lat' dir='ltr'><strong>esse,</strong></span> <span class='ocrx_word' id='word_1_41' title='bbox 1284 1625 1326 1689; x_wconf 92' lang='lat' dir='ltr'><strong>ut</strong></span> 
     </span>
     <span class='ocr_line' id='line_1_7' title="bbox 323 1734 1327 1820; baseline -0.001 -13"><span class='ocrx_word' id='word_1_42' title='bbox 323 1736 457 1808; x_wconf 89' lang='lat' dir='ltr'><strong>cunctis</strong></span> <span class='ocrx_word' id='word_1_43' title='bbox 470 1734 593 1820; x_wconf 83' lang='lat' dir='ltr'>puellis</span> <span class='ocrx_word' id='word_1_44' title='bbox 606 1734 703 1820; x_wconf 89' lang='lat' dir='ltr'><strong>regni</strong></span> <span class='ocrx_word' id='word_1_45' title='bbox 718 1735 845 1806; x_wconf 83' lang='lat' dir='ltr'><strong>soleam</strong></span> <span class='ocrx_word' id='word_1_46' title='bbox 860 1735 1016 1806; x_wconf 89' lang='lat' dir='ltr'><strong>tentandi</strong></span> <span class='ocrx_word' id='word_1_47' title='bbox 1031 1756 1167 1819; x_wconf 77' lang='lat' dir='ltr'><strong>requam</strong></span> <span class='ocrx_word' id='word_1_48' title='bbox 1181 1736 1327 1806; x_wconf 83' lang='lat' dir='ltr'><strong>faculta-</strong></span> 
     </span>
     <span class='ocr_line' id='line_1_8' title="bbox 323 1851 1326 1938; baseline -0.002 -14"><span class='ocrx_word' id='word_1_49' title='bbox 323 1861 394 1924; x_wconf 85' lang='lat' dir='ltr'><strong>tem</strong></span> <span class='ocrx_word' id='word_1_50' title='bbox 407 1853 601 1938; x_wconf 78' lang='lat' dir='ltr'><strong>largiretur,</strong></span> <span class='ocrx_word' id='word_1_51' title='bbox 616 1855 716 1936; x_wconf 91' lang='lat' dir='ltr'><strong>proin</strong></span> <span class='ocrx_word' id='word_1_52' title='bbox 730 1851 879 1936; x_wconf 82' lang='lat' dir='ltr'><strong>puellam</strong></span> <span class='ocrx_word' id='word_1_53' title='bbox 901 1852 1075 1924; x_wconf 89' lang='lat' dir='ltr'><strong>considere</strong></span> <span class='ocrx_word' id='word_1_54' title='bbox 1100 1853 1211 1924; x_wconf 85' lang='lat' dir='ltr'><strong>iussit</strong></span> <span class='ocrx_word' id='word_1_55' title='bbox 1236 1852 1326 1924; x_wconf 90' lang='lat' dir='ltr'><strong>Cini-</strong></span> 
     </span>
     <span class='ocr_line' id='line_1_9' title="bbox 323 1969 1326 2054; baseline -0.002 -12"><span class='ocrx_word' id='word_1_56' title='bbox 323 1971 416 2042; x_wconf 87' lang='lat' dir='ltr'><strong>scula</strong></span> <span class='ocrx_word' id='word_1_57' title='bbox 429 1969 550 2054; x_wconf 83' lang='lat' dir='ltr'><strong>pedem</strong></span> <span class='ocrx_word' id='word_1_58' title='bbox 565 1970 666 2040; x_wconf 84' lang='lat' dir='ltr'><strong>solere</strong></span> <span class='ocrx_word' id='word_1_59' title='bbox 678 1970 799 2040; x_wconf 86' lang='lat' dir='ltr'><strong>vitreae</strong></span> <span class='ocrx_word' id='word_1_60' title='bbox 811 1989 952 2053; x_wconf 90' lang='lat' dir='ltr'><strong>prorsus</strong></span> <span class='ocrx_word' id='word_1_61' title='bbox 968 1969 1040 2040; x_wconf 88' lang='lat' dir='ltr'><strong>sine</strong></span> <span class='ocrx_word' id='word_1_62' title='bbox 1050 1969 1142 2039; x_wconf 89' lang='lat' dir='ltr'><strong>omni</strong></span> <span class='ocrx_word' id='word_1_63' title='bbox 1151 1969 1266 2040; x_wconf 86' lang='lat' dir='ltr'><strong>labore</strong></span> <span class='ocrx_word' id='word_1_64' title='bbox 1275 1969 1326 2040; x_wconf 89' lang='lat' dir='ltr'><strong>in·</strong></span> 
     </span>
     <span class='ocr_line' id='line_1_10' title="bbox 321 2085 1141 2171; baseline -0.002 -13"><span class='ocrx_word' id='word_1_65' title='bbox 321 2085 437 2170; x_wconf 77' lang='lat' dir='ltr'><strong>gessit,</strong></span> <span class='ocrx_word' id='word_1_66' title='bbox 451 2107 562 2171; x_wconf 85' lang='lat' dir='ltr'><strong>eaque</strong></span> <span class='ocrx_word' id='word_1_67' title='bbox 575 2085 698 2171; x_wconf 89' lang='lat' dir='ltr'><strong>pedem</strong></span> <span class='ocrx_word' id='word_1_68' title='bbox 711 2087 756 2157; x_wconf 91' lang='lat' dir='ltr'><strong>ad</strong></span> <span class='ocrx_word' id='word_1_69' title='bbox 770 2086 935 2158; x_wconf 87' lang='lat' dir='ltr'><strong>amussim</strong></span> <span class='ocrx_word' id='word_1_70' title='bbox 949 2085 1141 2168; x_wconf 81' lang='lat' dir='ltr'><strong>quadravit.</strong></span> 
     </span>
    </p>

    <p class='ocr_par' dir='ltr' id='par_1_3' title="bbox 405 2201 1204 2274">
     <span class='ocr_line' id='line_1_11' title="bbox 405 2201 1204 2274; baseline -0.003 0"><span class='ocrx_word' id='word_1_71' title='bbox 405 2202 479 2274; x_wconf 83' lang='lat' dir='ltr'><strong>“Va</strong></span> <span class='ocrx_word' id='word_1_72' title='bbox 493 2238 535 2250; x_wconf 98' lang='lat'>-</span> <span class='ocrx_word' id='word_1_73' title='bbox 548 2224 595 2274; x_wconf 88' lang='lat' dir='ltr'><strong>va</strong></span> <span class='ocrx_word' id='word_1_74' title='bbox 607 2202 672 2248; x_wconf 90' lang='lat'><strong>—’&#39;</strong></span> <span class='ocrx_word' id='word_1_75' title='bbox 687 2203 879 2274; x_wconf 86' lang='lat' dir='ltr'><strong>exclamant</strong></span> <span class='ocrx_word' id='word_1_76' title='bbox 892 2222 1025 2274; x_wconf 89' lang='lat' dir='ltr'><strong>sorores</strong></span> <span class='ocrx_word' id='word_1_77' title='bbox 1037 2201 1204 2273; x_wconf 71' lang='lat' dir='ltr'><strong>attonita„</strong></span> 
     </span>
    </p>

    <p class='ocr_par' dir='ltr' id='par_1_4' title="bbox 324 2319 1324 2523">
     <span class='ocr_line' id='line_1_12' title="bbox 405 2319 1324 2405; baseline -0.001 -14"><span class='ocrx_word' id='word_1_78' title='bbox 405 2321 522 2405; x_wconf 90' lang='lat' dir='ltr'><strong>Quum</strong></span> <span class='ocrx_word' id='word_1_79' title='bbox 535 2341 619 2391; x_wconf 88' lang='lat' dir='ltr'><strong>vero</strong></span> <span class='ocrx_word' id='word_1_80' title='bbox 643 2319 811 2392; x_wconf 85' lang='lat' dir='ltr'><strong>Ciniscula</strong></span> <span class='ocrx_word' id='word_1_81' title='bbox 833 2320 976 2391; x_wconf 88' lang='lat' dir='ltr'><strong>alteram</strong></span> <span class='ocrx_word' id='word_1_82' title='bbox 998 2321 1124 2391; x_wconf 87' lang='lat' dir='ltr'><strong>soleam</strong></span> <span class='ocrx_word' id='word_1_83' title='bbox 1147 2341 1168 2390; x_wconf 89' lang='lat' dir='ltr'><strong>e</strong></span> <span class='ocrx_word' id='word_1_84' title='bbox 1190 2321 1324 2391; x_wconf 87' lang='lat' dir='ltr'><strong>sacculo</strong></span> 
     </span>
     <span class='ocr_line' id='line_1_13' title="bbox 324 2437 1324 2523; baseline -0.001 -12"><span class='ocrx_word' id='word_1_85' title='bbox 324 2461 386 2512; x_wconf 91' lang='lat' dir='ltr'><strong>suo</strong></span> <span class='ocrx_word' id='word_1_86' title='bbox 401 2437 620 2523; x_wconf 83' lang='lat' dir='ltr'><strong>exprompsit,</strong></span> <span class='ocrx_word' id='word_1_87' title='bbox 635 2437 784 2521; x_wconf 88' lang='lat' dir='ltr'><strong>stuporis</strong></span> <span class='ocrx_word' id='word_1_88' title='bbox 799 2458 839 2509; x_wconf 87' lang='lat' dir='ltr'><strong>ac</strong></span> <span class='ocrx_word' id='word_1_89' title='bbox 852 2437 998 2508; x_wconf 89' lang='lat' dir='ltr'><strong>mirandi</strong></span> <span class='ocrx_word' id='word_1_90' title='bbox 1011 2437 1129 2508; x_wconf 91' lang='lat' dir='ltr'><strong>nullus</strong></span> <span class='ocrx_word' id='word_1_91' title='bbox 1141 2445 1217 2508; x_wconf 90' lang='lat' dir='ltr'><strong>erat</strong></span> <span class='ocrx_word' id='word_1_92' title='bbox 1237 2437 1324 2510; x_wconf 88' lang='lat' dir='ltr'><strong>finis.</strong></span> 
     </span>
    </p>
   </div>
   <div class='ocr_carea' id='block_1_3' title="bbox 320 2554 1326 3228">
    <p class='ocr_par' dir='ltr' id='par_1_5' title="bbox 320 2554 1326 3111">
     <span class='ocr_line' id='line_1_14' title="bbox 322 2554 1326 2641; baseline -0.001 -14"><span class='ocrx_word' id='word_1_93' title='bbox 322 2557 438 2640; x_wconf 83' lang='lat' dir='ltr'><strong>Atque</strong></span> <span class='ocrx_word' id='word_1_94' title='bbox 460 2555 544 2626; x_wconf 91' lang='lat' dir='ltr'><strong>dum</strong></span> <span class='ocrx_word' id='word_1_95' title='bbox 566 2576 678 2639; x_wconf 84' lang='lat' dir='ltr'><strong>usque</strong></span> <span class='ocrx_word' id='word_1_96' title='bbox 700 2555 906 2641; x_wconf 79' lang='lat' dir='ltr'><strong>stupefactae</strong></span> <span class='ocrx_word' id='word_1_97' title='bbox 930 2555 1079 2638; x_wconf 90' lang='lat' dir='ltr'><strong>stabant,</strong></span> <span class='ocrx_word' id='word_1_98' title='bbox 1101 2554 1157 2626; x_wconf 90' lang='lat' dir='ltr'><strong>dia</strong></span> <span class='ocrx_word' id='word_1_99' title='bbox 1176 2555 1326 2626; x_wconf 86' lang='lat' dir='ltr'><strong>matrina</strong></span> 
     </span>
     <span class='ocr_line' id='line_1_15' title="bbox 323 2671 1324 2758; baseline 0 -14"><span class='ocrx_word' id='word_1_100' title='bbox 323 2672 519 2744; x_wconf 84' lang='lat' dir='ltr'><strong>intervenit</strong></span> <span class='ocrx_word' id='word_1_101' title='bbox 541 2673 621 2755; x_wconf 90' lang='lat' dir='ltr'><strong>lpsa</strong></span> <span class='ocrx_word' id='word_1_102' title='bbox 634 2693 699 2744; x_wconf 89' lang='lat' dir='ltr'><strong>sua</strong></span> <span class='ocrx_word' id='word_1_103' title='bbox 712 2673 812 2758; x_wconf 75' lang='lat' dir='ltr'><strong>virga</strong></span> <span class='ocrx_word' id='word_1_104' title='bbox 825 2694 918 2744; x_wconf 87' lang='lat' dir='ltr'><strong>nunc</strong></span> <span class='ocrx_word' id='word_1_105' title='bbox 931 2672 1134 2744; x_wconf 85' lang='lat' dir='ltr'><strong>indumenta</strong></span> <span class='ocrx_word' id='word_1_106' title='bbox 1146 2671 1324 2744; x_wconf 82' lang='lat' dir='ltr'><strong>Cinisculae</strong></span> 
     </span>
     <span class='ocr_line' id='line_1_16' title="bbox 320 2789 1324 2875; baseline 0.001 -14"><span class='ocrx_word' id='word_1_107' title='bbox 320 2790 530 2874; x_wconf 83' lang='lat' dir='ltr'><strong>attrectavit,</strong></span> <span class='ocrx_word' id='word_1_108' title='bbox 555 2797 592 2863; x_wconf 88' lang='lat' dir='ltr'><strong>et</strong></span> <span class='ocrx_word' id='word_1_109' title='bbox 618 2791 684 2862; x_wconf 90' lang='lat' dir='ltr'><strong>isto</strong></span> <span class='ocrx_word' id='word_1_110' title='bbox 708 2812 777 2862; x_wconf 91' lang='lat' dir='ltr'><strong>uno</strong></span> <span class='ocrx_word' id='word_1_111' title='bbox 801 2797 899 2863; x_wconf 88' lang='lat' dir='ltr'><strong>tactu</strong></span> <span class='ocrx_word' id='word_1_112' title='bbox 920 2791 1045 2875; x_wconf 85' lang='lat' dir='ltr'><strong>effecit,</strong></span> <span class='ocrx_word' id='word_1_113' title='bbox 1060 2797 1101 2861; x_wconf 89' lang='lat' dir='ltr'><strong>ut</strong></span> <span class='ocrx_word' id='word_1_114' title='bbox 1121 2789 1324 2862; x_wconf 88' lang='lat' dir='ltr'><strong>indumenta</strong></span> 
     </span>
     <span class='ocr_line' id='line_1_17' title="bbox 321 2907 1324 2993; baseline 0.002 -15"><span class='ocrx_word' id='word_1_115' title='bbox 321 2909 444 2991; x_wconf 87' lang='lat' dir='ltr'><strong>puellae</strong></span> <span class='ocrx_word' id='word_1_116' title='bbox 467 2909 573 2981; x_wconf 86' lang='lat' dir='ltr'><strong>etiam</strong></span> <span class='ocrx_word' id='word_1_117' title='bbox 596 2909 633 2978; x_wconf 93' lang='lat' dir='ltr'><strong>in</strong></span> <span class='ocrx_word' id='word_1_118' title='bbox 658 2907 953 2992; x_wconf 84' lang='lat' dir='ltr'><strong>magnificentiora</strong></span> <span class='ocrx_word' id='word_1_119' title='bbox 974 2915 1195 2980; x_wconf 82' lang='lat' dir='ltr'><strong>verterentur</strong></span> <span class='ocrx_word' id='word_1_120' title='bbox 1218 2930 1324 2993; x_wconf 84' lang='lat' dir='ltr'><strong>quam</strong></span> 
     </span>
     <span class='ocr_line' id='line_1_18' title="bbox 321 3031 693 3111; baseline 0 -15"><span class='ocrx_word' id='word_1_121' title='bbox 321 3047 401 3111; x_wconf 85' lang='lat' dir='ltr'><strong>quae</strong></span> <span class='ocrx_word' id='word_1_122' title='bbox 414 3033 516 3096; x_wconf 89' lang='lat' dir='ltr'><strong>antea</strong></span> <span class='ocrx_word' id='word_1_123' title='bbox 529 3031 693 3110; x_wconf 75' lang='lat' dir='ltr'><strong>gesserat.</strong></span> 
     </span>
    </p>

    <p class='ocr_par' dir='ltr' id='par_1_6' title="bbox 404 3143 1323 3228">
     <span class='ocr_line' id='line_1_19' title="bbox 404 3143 1323 3228; baseline -0.001 -14"><span class='ocrx_word' id='word_1_124' title='bbox 404 3144 508 3215; x_wconf 89' lang='lat' dir='ltr'><strong>Nunc</strong></span> <span class='ocrx_word' id='word_1_125' title='bbox 535 3144 675 3215; x_wconf 89' lang='lat' dir='ltr'><strong>demum</strong></span> <span class='ocrx_word' id='word_1_126' title='bbox 705 3165 838 3216; x_wconf 85' lang='lat' dir='ltr'><strong>sorores</strong></span> <span class='ocrx_word' id='word_1_127' title='bbox 865 3148 1085 3228; x_wconf 87' lang='lat' dir='ltr'><strong>agnoverunt</strong></span> <span class='ocrx_word' id='word_1_128' title='bbox 1114 3165 1191 3216; x_wconf 85' lang='lat' dir='ltr'><strong>earn</strong></span> <span class='ocrx_word' id='word_1_129' title='bbox 1214 3143 1323 3215; x_wconf 92' lang='lat' dir='ltr'><strong>veluti</strong></span> 
     </span>
    </p>
   </div>
   <div class='ocr_carea' id='block_1_4' title="bbox 317 3261 1324 4288">
    <p class='ocr_par' dir='ltr' id='par_1_7' title="bbox 318 3261 1322 3583">
     <span class='ocr_line' id='line_1_20' title="bbox 319 3261 1322 3347; baseline -0.002 -13"><span class='ocrx_word' id='word_1_130' title='bbox 319 3263 473 3346; x_wconf 87' lang='lat' dir='ltr'><strong>ignotam</strong></span> <span class='ocrx_word' id='word_1_131' title='bbox 486 3261 578 3333; x_wconf 85' lang='lat' dir='ltr'><strong>illam</strong></span> <span class='ocrx_word' id='word_1_132' title='bbox 588 3261 758 3346; x_wconf 89' lang='lat' dir='ltr'><strong>virginem</strong></span> <span class='ocrx_word' id='word_1_133' title='bbox 773 3261 808 3331; x_wconf 93' lang='lat' dir='ltr'><strong>in</strong></span> <span class='ocrx_word' id='word_1_134' title='bbox 823 3261 985 3346; x_wconf 86' lang='lat' dir='ltr'><strong>ballistiis,</strong></span> <span class='ocrx_word' id='word_1_135' title='bbox 1000 3283 1070 3347; x_wconf 86' lang='lat' dir='ltr'><strong>quo</strong></span> <span class='ocrx_word' id='word_1_136' title='bbox 1082 3263 1177 3333; x_wconf 84' lang='lat' dir='ltr'><strong>iacto</strong></span> <span class='ocrx_word' id='word_1_137' title='bbox 1191 3283 1265 3332; x_wconf 88' lang='lat' dir='ltr'><strong>sese</strong></span> <span class='ocrx_word' id='word_1_138' title='bbox 1278 3261 1322 3332; x_wconf 89' lang='lat' dir='ltr'><strong>ad</strong></span> 
     </span>
     <span class='ocr_line' id='line_1_21' title="bbox 318 3379 1322 3466; baseline -0.002 -14"><span class='ocrx_word' id='word_1_139' title='bbox 318 3380 423 3466; x_wconf 79' lang='lat' dir='ltr'><strong>perles</strong></span> <span class='ocrx_word' id='word_1_140' title='bbox 437 3381 512 3451; x_wconf 93' lang='lat' dir='ltr'><strong>eius</strong></span> <span class='ocrx_word' id='word_1_141' title='bbox 526 3386 787 3464; x_wconf 85' lang='lat' dir='ltr'><strong>prostraverunt</strong></span> <span class='ocrx_word' id='word_1_142' title='bbox 800 3379 938 3451; x_wconf 91' lang='lat' dir='ltr'><strong>veniam</strong></span> <span class='ocrx_word' id='word_1_143' title='bbox 950 3379 1023 3452; x_wconf 91' lang='lat' dir='ltr'><strong>eius</strong></span> <span class='ocrx_word' id='word_1_144' title='bbox 1037 3379 1265 3464; x_wconf 73' lang='lat' dir='ltr'><strong>efflagitantes</strong></span> <span class='ocrx_word' id='word_1_145' title='bbox 1278 3379 1322 3450; x_wconf 92' lang='lat' dir='ltr'><strong>ob</strong></span> 
     </span>
     <span class='ocr_line' id='line_1_22' title="bbox 319 3496 1225 3583; baseline -0.001 -14"><span class='ocrx_word' id='word_1_146' title='bbox 319 3505 443 3570; x_wconf 84' lang='lat' dir='ltr'><strong>cuncta</strong></span> <span class='ocrx_word' id='word_1_147' title='bbox 457 3498 584 3583; x_wconf 84' lang='lat' dir='ltr'><strong>quibus</strong></span> <span class='ocrx_word' id='word_1_148' title='bbox 597 3497 633 3568; x_wconf 93' lang='lat' dir='ltr'><strong>in</strong></span> <span class='ocrx_word' id='word_1_149' title='bbox 647 3517 723 3569; x_wconf 87' lang='lat' dir='ltr'><strong>eam</strong></span> <span class='ocrx_word' id='word_1_150' title='bbox 738 3519 801 3582; x_wconf 90' lang='lat' dir='ltr'><strong>per</strong></span> <span class='ocrx_word' id='word_1_151' title='bbox 814 3496 978 3568; x_wconf 87' lang='lat' dir='ltr'><strong>invidiam</strong></span> <span class='ocrx_word' id='word_1_152' title='bbox 991 3505 1225 3582; x_wconf 79' lang='lat' dir='ltr'><strong>peccaverant</strong></span> 
     </span>
    </p>

    <p class='ocr_par' dir='ltr' id='par_1_8' title="bbox 317 3614 1324 3923">
     <span class='ocr_line' id='line_1_23' title="bbox 403 3614 1324 3700; baseline 0 -13"><span class='ocrx_word' id='word_1_153' title='bbox 403 3615 573 3687; x_wconf 83' lang='lat' dir='ltr'><strong>Ciniscula</strong></span> <span class='ocrx_word' id='word_1_154' title='bbox 603 3614 749 3686; x_wconf 87' lang='lat' dir='ltr'><strong>brachiis</strong></span> <span class='ocrx_word' id='word_1_155' title='bbox 777 3615 957 3700; x_wconf 87' lang='lat' dir='ltr'><strong>propansis</strong></span> <span class='ocrx_word' id='word_1_156' title='bbox 985 3637 1044 3686; x_wconf 90' lang='lat' dir='ltr'><strong>eas</strong></span> <span class='ocrx_word' id='word_1_157' title='bbox 1068 3615 1263 3686; x_wconf 89' lang='lat' dir='ltr'><strong>sublevavit</strong></span> <span class='ocrx_word' id='word_1_158' title='bbox 1287 3624 1324 3687; x_wconf 91' lang='lat' dir='ltr'><strong>et</strong></span> 
     </span>
     <span class='ocr_line' id='line_1_24' title="bbox 318 3733 1323 3817; baseline 0.002 -14"><span class='ocrx_word' id='word_1_159' title='bbox 318 3733 513 3805; x_wconf 80' lang='lat' dir='ltr'><strong>‹leosurlata</strong></span> <span class='ocrx_word' id='word_1_160' title='bbox 527 3740 591 3815; x_wconf 88' lang='lat' dir='ltr'><strong>est,</strong></span> <span class='ocrx_word' id='word_1_161' title='bbox 604 3739 798 3816; x_wconf 83' lang='lat' dir='ltr'><strong>cunctaque</strong></span> <span class='ocrx_word' id='word_1_162' title='bbox 811 3753 896 3816; x_wconf 83' lang='lat' dir='ltr'><strong>erga</strong></span> <span class='ocrx_word' id='word_1_163' title='bbox 910 3754 947 3804; x_wconf 88' lang='lat' dir='ltr'><strong>se</strong></span> <span class='ocrx_word' id='word_1_164' title='bbox 960 3733 1075 3804; x_wconf 91' lang='lat' dir='ltr'><strong>minus</strong></span> <span class='ocrx_word' id='word_1_165' title='bbox 1096 3753 1261 3817; x_wconf 75' lang='lat' dir='ltr'><strong>generose</strong></span> <span class='ocrx_word' id='word_1_166' title='bbox 1275 3733 1323 3805; x_wconf 80' lang='lat' dir='ltr'><strong>di-</strong></span> 
     </span>
     <span class='ocr_line' id='line_1_25' title="bbox 317 3848 826 3923; baseline -0.002 -1"><span class='ocrx_word' id='word_1_167' title='bbox 317 3857 375 3922; x_wconf 87' lang='lat' dir='ltr'><strong>cta</strong></span> <span class='ocrx_word' id='word_1_168' title='bbox 388 3857 425 3922; x_wconf 90' lang='lat' dir='ltr'><strong>et</strong></span> <span class='ocrx_word' id='word_1_169' title='bbox 437 3852 534 3923; x_wconf 83' lang='lat' dir='ltr'><strong>facta</strong></span> <span class='ocrx_word' id='word_1_170' title='bbox 547 3850 597 3922; x_wconf 86' lang='lat' dir='ltr'><strong>eis</strong></span> <span class='ocrx_word' id='word_1_171' title='bbox 610 3848 826 3922; x_wconf 84' lang='lat' dir='ltr'><strong>condonavit.</strong></span> 
     </span>
    </p>

    <p class='ocr_par' dir='ltr' id='par_1_9' title="bbox 317 3967 1323 4288">
     <span class='ocr_line' id='line_1_26' title="bbox 401 3967 1322 4052; baseline 0 -12"><span class='ocrx_word' id='word_1_172' title='bbox 401 3968 557 4052; x_wconf 88' lang='lat' dir='ltr'><strong>Denique</strong></span> <span class='ocrx_word' id='word_1_173' title='bbox 571 3967 778 4039; x_wconf 68' lang='lat' dir='ltr'><strong>Cimscrrlam</strong></span> <span class='ocrx_word' id='word_1_174' title='bbox 793 3968 838 4039; x_wconf 88' lang='lat' dir='ltr'><strong>ad</strong></span> <span class='ocrx_word' id='word_1_175' title='bbox 853 3967 1002 4052; x_wconf 90' lang='lat' dir='ltr'><strong>Regium</strong></span> <span class='ocrx_word' id='word_1_176' title='bbox 1028 3967 1154 4040; x_wconf 79' lang='lat' dir='ltr'><strong>Filium</strong></span> <span class='ocrx_word' id='word_1_177' title='bbox 1174 3967 1211 4039; x_wconf 93' lang='lat' dir='ltr'><strong>in</strong></span> <span class='ocrx_word' id='word_1_178' title='bbox 1231 3969 1322 4052; x_wconf 81' lang='lat' dir='ltr'><strong>pala·</strong></span> 
     </span>
     <span class='ocr_line' id='line_1_27' title="bbox 318 4085 1323 4171; baseline -0.003 -12"><span class='ocrx_word' id='word_1_179' title='bbox 318 4086 417 4171; x_wconf 86' lang='lat' dir='ltr'><strong>tium,</strong></span> <span class='ocrx_word' id='word_1_180' title='bbox 430 4085 642 4158; x_wconf 88' lang='lat' dir='ltr'><strong>indumentis</strong></span> <span class='ocrx_word' id='word_1_181' title='bbox 655 4085 744 4158; x_wconf 90' lang='lat' dir='ltr'><strong>divis</strong></span> <span class='ocrx_word' id='word_1_182' title='bbox 757 4085 914 4156; x_wconf 88' lang='lat' dir='ltr'><strong>indutam</strong></span> <span class='ocrx_word' id='word_1_183' title='bbox 935 4091 972 4157; x_wconf 90' lang='lat' dir='ltr'><strong>et</strong></span> <span class='ocrx_word' id='word_1_184' title='bbox 995 4085 1197 4157; x_wconf 83' lang='lat' dir='ltr'><strong>adornatam</strong></span> <span class='ocrx_word' id='word_1_185' title='bbox 1221 4086 1323 4157; x_wconf 85' lang='lat' dir='ltr'><strong>(leve-</strong></span> 
     </span>
     <span class='ocr_line' id='line_1_28' title="bbox 317 4201 1321 4288; baseline -0.002 -12"><span class='ocrx_word' id='word_1_186' title='bbox 317 4209 453 4288; x_wconf 82' lang='lat' dir='ltr'><strong>xerunt,</strong></span> <span class='ocrx_word' id='word_1_187' title='bbox 467 4202 524 4275; x_wconf 92' lang='lat' dir='ltr'><strong>cui</strong></span> <span class='ocrx_word' id='word_1_188' title='bbox 537 4201 657 4276; x_wconf 85' lang='lat' dir='ltr'><strong>eadem</strong></span> <span class='ocrx_word' id='word_1_189' title='bbox 672 4203 776 4276; x_wconf 84' lang='lat' dir='ltr'><strong>etiam</strong></span> <span class='ocrx_word' id='word_1_190' title='bbox 791 4202 965 4288; x_wconf 88' lang='lat' dir='ltr'><strong>pulchrior</strong></span> <span class='ocrx_word' id='word_1_191' title='bbox 979 4223 1084 4288; x_wconf 84' lang='lat' dir='ltr'><strong>quam</strong></span> <span class='ocrx_word' id='word_1_192' title='bbox 1100 4209 1204 4275; x_wconf 82' lang='lat' dir='ltr'><strong>autea</strong></span> <span class='ocrx_word' id='word_1_193' title='bbox 1228 4201 1321 4274; x_wconf 86' lang='lat' dir='ltr'><strong>vide·</strong></span> 
     </span>
    </p>
   </div>
   <div class='ocr_carea' id='block_1_5' title="bbox 0 0 1766 5156">
    <p class='ocr_par' dir='ltr' id='par_1_10' title="bbox 0 0 1766 5156">
     <span class='ocr_line' id='line_1_29' title="bbox 0 0 1766 5156; baseline 0 2"><span class='ocrx_word' id='word_1_194' title='bbox 0 0 1766 5156; x_wconf 95' lang='lat' dir='ltr'><strong> </strong></span> 
     </span>
    </p>
   </div>
  </div>
 </body>
</html>
