3554 5156
556 984 811 1040 ruscumrupo
832 984 955 1048 Arous
975 984 1103 1038 umam
1291 968 1332 1037 75

334 1174 420 1223 rum.
446 1153 597 1222 Bestiam
622 1152 771 1235 interim,
797 1152 862 1222 nisi
887 1151 1049 1236 vesperis,
1064 1172 1241 1234 nunquam
1257 1172 1333 1220 con·

333 1270 438 1352 venit,
454 1275 489 1338 et
504 1269 567 1338 hoc
582 1269 699 1352 paucis
713 1268 865 1351 minutis,
886 1275 1071 1350 antequam
1087 1267 1241 1338 cubitum
1255 1267 1332 1336 iret.

333 1387 448 1457 Pauca
462 1385 593 1456 solebat
607 1386 714 1456 verba
728 1386 854 1467 facere,
869 1385 928 1454 sed
943 1385 1056 1468 potius
1076 1391 1148 1453 tam
1171 1384 1262 1454 tristi
1282 1405 1332 1453 so

331 1503 423 1573 lebat
438 1525 474 1572 se
489 1503 591 1572 vultu
607 1502 772 1584 contueri,
787 1508 828 1571 ut
843 1500 1066 1572 Pulchritudo
1086 1500 1133 1570 illi
1148 1522 1228 1570 cum
1243 1499 1333 1570 dolo·

332 1642 368 1691 re
382 1620 485 1690 animi
500 1626 763 1703 compateretur,
785 1619 951 1702 enixeque
976 1618 1118 1701 optabat
1141 1627 1182 1688 ut
1206 1618 1333 1690 moesti-

331 1737 413 1810 tiam
429 1737 503 1807 eius
517 1738 631 1807 levare
646 1744 770 1820 posset.
792 1737 850 1819 At,
871 1735 1005 1819 quoties
1020 1757 1056 1805 se
1071 1736 1106 1805 in
1121 1734 1330 1805 connubium

330 1854 522 1938 expetebat,
536 1854 611 1938 ipsa
624 1853 767 1937 negavit
779 1853 814 1922 id
829 1874 866 1923 se
880 1854 1064 1922 facturam.

413 2023 548 2092 Interea
563 2043 700 2106 quaque
715 2027 816 2091 nocte
831 2020 921 2090 idem
935 2021 1071 2090 iuvenis
1086 2020 1159 2103 sibi,
1175 2042 1278 2103 quem
1293 2021 1328 2089 in

329 2140 523 2210 ambulacro
544 2145 761 2221 convenerat,
776 2138 812 2208 in
828 2139 959 2208 somnio
981 2138 1163 2208 obversare
1189 2137 1327 2207 solebat.

327 2258 394 2326 Per
408 2256 535 2340 hortos
550 2277 680 2339 perque
695 2255 847 2325 ambitus
862 2255 978 2337 palatii
993 2257 1062 2324 una
1076 2261 1331 2325 consueverunt

328 2373 512 2456 ambulare,
527 2395 590 2443 nec
605 2373 828 2443 Pulchritudo
848 2379 974 2455 praetcr
997 2373 1090 2442 hunc
1115 2372 1173 2442 ulli
1198 2371 1328 2442 nubere

328 2491 474 2562 volebat.
495 2491 559 2561 Hic
574 2497 690 2560 tamen
705 2511 839 2573 semper
852 2496 997 2559 moestus
1010 2511 1083 2560 esse
1104 2489 1255 2574 parebat,
1278 2497 1328 2559 at·

328 2629 395 2692 que
410 2608 507 2690 quasi
523 2607 649 2690 aliquid
664 2607 726 2676 abs
740 2629 776 2676 se
790 2608 964 2689 postulare
978 2606 1092 2688 vellet,
1104 2606 1195 2690 quod
1213 2613 1327 2676 tamen

326 2725 400 2807 ipsa
414 2724 568 2794 divinare
581 2745 801 2807 nequaquam
817 2731 939 2807 posset.

408 2873 549 2945 Cunctis
563 2873 679 2958 palatii
695 2875 952 2944 oblectamentis
967 2883 1003 2944 et
1017 2874 1184 2944 illecebris
1198 2875 1232 2943 in
1248 2896 1325 2944 con·

325 2994 471 3062 trarium
482 2991 728 3074 allectantibus,
739 2992 1033 3062 Pulchritudinem
1044 2992 1146 3062 ludus
1158 2993 1193 3060 in
1207 3014 1327 3062 eorum

325 3109 436 3179 medio
449 3109 620 3179 solitarius
635 3110 771 3192 taedere,
787 3117 892 3193 atque
906 3109 1111 3179 desiderium
1126 3110 1242 3192 patris,
1257 3110 1326 3178 fra·

325 3233 420 3296 trum
433 3248 657 3310 sororumque
672 3227 834 3310 obrepere
855 3227 967 3310 coepit.
990 3226 1028 3296 Id
1044 3234 1079 3296 et
1093 3227 1218 3297 Bestiae
1231 3228 1325 3297 fassa

325 3351 386 3425 est,
402 3343 593 3426 petivitque
607 3344 650 3413 ab
666 3367 717 3426 ea,
738 3351 779 3414 ut
801 3366 880 3413 cum
906 3365 969 3413 sua
991 3345 1180 3426 voluntate,
1204 3345 1324 3414 saltem

324 3460 367 3529 ad
382 3459 487 3530 breve
502 3467 649 3543 tempus,
665 3461 805 3531 domum
819 3461 930 3531 redire
945 3462 1071 3532 liceret.
1093 3461 1166 3531 Hoc
1180 3485 1248 3532 non
1264 3484 1322 3545 pa-

323 3597 401 3647 rum
417 3576 541 3647 doloris
556 3578 680 3648 Bestiae
693 3579 829 3661 attulit;
851 3579 924 3662 ipsa
939 3588 1056 3650 tamen
1079 3588 1150 3649 tam
1171 3581 1322 3664 impense

323 3695 469 3778 rogavit,
484 3701 525 3764 ut
540 3703 712 3778 postremo
724 3696 754 3765 ei
767 3703 882 3766 tamen
897 3698 1098 3767 facultatem
1114 3698 1321 3767 concederet.

323 3809 451 3895 Legem
466 3818 582 3881 tamen
597 3813 730 3895 statuit,
741 3836 785 3883 ne
800 3814 1023 3885 Pulchritudo
1034 3817 1125 3886 ultra
1135 3815 1221 3885 duos
1231 3836 1323 3884 men-

324 3949 379 3998 ses
391 3927 535 3998 abesset.

407 4078 550 4149 “Nonne
565 4079 600 4149 id
614 4102 683 4150 non
704 4080 951 4154 oblivisceris?”
973 4083 1097 4167 quaerit
1122 4083 1187 4153 ille.
1211 4081 1322 4167 “Quo-

322 4195 561 4279 modocunque
576 4197 598 4267 ii
611 4198 723 4281 cupidi
739 4199 789 4269 tui
806 4200 884 4283 sint,
906 4208 1010 4285 teque
1033 4202 1124 4273 domi
1148 4201 1322 4274 continere
