3540 5156
399 964 461 1036 174
731 979 835 1034 ouon
856 979 902 1032 ur
923 979 1063 1035 esron

395 1149 488 1232 Ergo
513 1147 621 1231 igitur
646 1147 675 1218 si
699 1147 841 1230 posthac
867 1147 1025 1229 pessirnae
1038 1147 1105 1218 illae
1118 1149 1264 1234 lamiae,81
1288 1153 1399 1224 noxiis

395 1265 517 1336 animis
531 1271 675 1334 armatae
690 1264 858 1347 venerint,
872 1264 1013 1335 venient
1027 1272 1157 1348 autem,
1182 1268 1260 1350 scio,
1283 1290 1397 1354 neque

396 1382 536 1453 omnino
551 1403 743 1452 sermonem
768 1382 935 1465 conferas,
951 1389 996 1465 et,
1011 1382 1039 1453 si
1054 1383 1088 1453 id
1103 1385 1248 1456 tolerare
1263 1409 1325 1470 pro
1339 1409 1400 1472 ge·

395 1501 504 1571 nuina
519 1499 744 1582 simplicitate,
755 1521 886 1582 proque
900 1500 1005 1570 animi
1019 1501 1072 1570 tui
1085 1503 1315 1574 teneritudine
1328 1527 1397 1576 non

395 1618 535 1704 poteris,
561 1624 654 1688 certe
669 1617 712 1687 de
726 1617 850 1687 marito
864 1617 912 1687 nil
926 1617 1115 1701 quidquam
1128 1621 1183 1689 vel
1196 1622 1326 1706 audias,
1341 1624 1398 1694 vel

391 1735 606 1819 respondeas.
624 1735 797 1804 Futurum
812 1735 903 1804 enim
917 1741 979 1818 est,
994 1742 1036 1805 ut
1050 1737 1154 1818 prolis
1167 1738 1265 1808 nobis
1278 1761 1394 1810 nasca-

390 1859 459 1935 tur,
476 1874 564 1936 quae,
580 1852 608 1922 si
623 1851 749 1922 texeris
763 1858 882 1921 nostra
896 1860 1028 1922 secreta
1037 1853 1181 1938 silentio,
1192 1855 1308 1928 divina
1317 1859 1394 1941 erit,

390 1970 419 2040 si
434 1969 681 2053 profanaveris,
697 1968 758 2038 fiet
771 1968 954 2038 mortalis”

474 2103 607 2174 Nuntio
632 2104 764 2187 Psyche
789 2103 869 2173 laeta
893 2103 1048 2187 florebat,
1071 2113 1107 2174 et
1129 2106 1256 2178 divinae
1270 2109 1394 2182 sobolis

389 2221 509 2291 solatio
522 2220 716 2305 plaudebat,
733 2229 769 2291 et
781 2221 894 2290 futuri
909 2221 1060 2304 pignoris
1081 2224 1190 2306 gloria
1210 2227 1391 2312 gestiebat,

387 2346 424 2409 et
439 2340 586 2408 materni
600 2339 746 2407 nominis
761 2337 929 2422 dimitate
940 2339 1125 2422 gaudebat.

472 2473 670 2543 Crescentes
685 2473 757 2542 dies
771 2480 807 2543 et
822 2495 956 2544 menses
977 2483 1142 2544 exeuntes
1155 2477 1257 2547 anxia
1272 2501 1390 2551 nume

389 2596 454 2672 rat,
469 2591 501 2660 ei
516 2591 569 2660 sui
584 2593 695 2660 status
710 2591 823 2660 nescia
838 2591 1034 2662 rudimenta
1058 2592 1213 2662 miratur.
1234 2593 1300 2666 Sed
1321 2597 1390 2668 iam

386 2714 500 2791 pestes
522 2707 599 2790 illae,
625 2707 878 2791 teterrimaeque
903 2708 1017 2778 Furiae
1038 2709 1237 2781 anhelantes
1257 2713 1390 2798 vipera-

388 2847 467 2894 rum
478 2824 584 2907 virus,
599 2831 635 2894 et
647 2825 862 2908 festinantes,
870 2826 974 2909 impia
985 2827 1157 2896 celeritate
1168 2830 1388 2913 navigabant.

469 2941 569 3012 Tunc
584 2943 630 3012 sic
645 2941 771 3012 iterum
785 2944 1032 3014 momentarius
1041 2944 1186 3015 maritus
1196 2968 1293 3016 suam
1309 2949 1391 3032 Psy·

385 3059 485 3130 chem
499 3059 678 3130 admonet:

470 3193 572 3265 “Dies
593 3195 724 3278 ultima,
739 3203 775 3265 et
790 3217 889 3266 casus
913 3203 1096 3280 extremus,
1118 3205 1155 3266 et
1177 3220 1278 3270 sexus
1302 3199 1389 3272 infe·

384 3319 469 3394 stus,
484 3320 520 3383 et
535 3313 678 3396 sanguis
692 3313 850 3384 inimicus
862 3315 931 3383 iam
947 3315 1093 3398 sumpsit
1107 3337 1215 3399 arma,
1226 3323 1262 3386 et
1276 3325 1387 3388 castra

383 3429 579 3513 commovit,
601 3437 638 3499 et
658 3431 765 3500 aciem
779 3430 914 3513 direxit,
936 3438 972 3501 et
996 3431 1174 3501 classicum
1200 3435 1386 3516 personuit.

383 3547 455 3616 Iam
469 3568 634 3618 mucrone
649 3547 811 3617 destricto
836 3549 996 3631 iugulum
1022 3556 1122 3617 tuum
1149 3550 1293 3620 nefariae
1314 3559 1387 3621 tuae

381 3685 515 3734 sorores
529 3671 664 3748 petunt.
687 3664 765 3735 Heu
781 3666 921 3748 quantis
936 3687 1103 3750 urgemur
1118 3667 1281 3750 cladibus
1305 3669 1387 3752 Psy·

383 3780 457 3864 che,
488 3781 700 3852 dulcissima!
720 3782 788 3852 Tui
813 3783 991 3866 nostrique
1013 3783 1193 3866 miserere;
1215 3785 1385 3868 religiosa·

380 3919 449 3980 que
475 3899 688 3970 continentia
713 3899 864 3983 domum,
890 3901 1063 3984 maritum,
1078 3908 1193 3986 teque,
1217 3909 1253 3974 et
1275 3903 1382 3974 istum

476 4133 520 4185 81.
538 4131 656 4196 Lamia,
668 4149 709 4196 a,
723 4135 822 4186 mulier
833 4135 935 4196 vetula,
957 4135 1089 4197 malefica,
1101 4149 1164 4199 quae
1176 4143 1259 4190 noctu
1272 4137 1384 4190 circum·

373 4221 454 4278 errat,
472 4216 615 4269 infantum
628 4219 792 4284 sanguinem
804 4219 886 4284 sugit,
904 4235 978 4284 saga
