3554 5156
411 941 474 1013 136
813 940 1000 1012 1111131111

408 1125 515 1197 ternis
529 1126 772 1210 experimentis
786 1146 958 1209 quemque
978 1133 1134 1196 vestrum
1149 1132 1284 1197 tentare
1298 1124 1411 1195 decre·

408 1245 461 1314 vi:
485 1245 697 1328 quiscunque
726 1243 906 1327 praemium
934 1243 1063 1327 11113111,
1091 1243 1122 1315 13
1149 1265 1210 1319 rex
1238 1249 1322 1313 esto.
1357 1241 1409 1313 Sit

410 1383 493 1444 ergo
517 1362 667 1445 primum
691 1368 886 1432 tentamen:
908 1360 1044 1445 requiro
1070 1368 1210 1432 centum
1233 1360 1333 1431 ulnas
1360 1367 1409 1430 te·

407 1478 451 1548 1ae
464 1485 536 1548 tam
552 1479 692 1562 subtilis,
707 1485 803 1549 ntea
817 1499 879 1562 per
891 1479 1021 1548 lumenl
1045 1479 1163 1549 annuli
1186 1479 1253 1548 mei
1274 1477 1407 1548 traduci

409 1595 524 1679 possit.

493 1729 569 1799 Filii
587 1729 837 1813 responderunt
866 1729 1031 1801 voluntati
1057 1731 1165 1814 patris
1190 1751 1252 1814 pro
1277 1729 1411 1800 viribus

409 1869 445 1917 se
474 1847 671 1917 satisfacere
700 1853 906 1931 tentaturos,
941 1868 1050 1930 eoque
1086 1847 1259 1931 proposito
1287 1847 1409 1918 disces·

410 1971 539 2034 serunt.

493 2098 570 2168 Duo
583 2097 711 2168 fratres
725 2098 870 2168 maiores
884 2105 970 2168 natu
985 2100 1098 2182 plures
1117 2099 1259 2169 comites
1272 2099 1336 2168 sibi
1350 2099 1409 2169 ad·

409 2215 594 2298 sciverunt,
616 2222 652 2285 et
674 2215 718 2286 ad
743 2223 885 2285 cunctas
910 2223 1009 2298 aptas
1033 2215 1118 2286 teias
1139 2237 1224 2299 quas
1239 2217 1409 2299 reperturi

410 2339 523 2402 essent
538 2331 677 2402 domum
692 2331 877 2414 vehendas,
890 2353 1056 2415 magnum
1071 2339 1275 2416 apparatum
1299 2354 1409 2402 carro

411 2471 488 2518 rum
503 2469 739 2532 equorumque
753 2471 869 2519 secum
894 2450 1067 2530 tulerunt;
1089 2455 1126 2518 at
1140 2449 1302 2519 minimus
1322 2456 1408 2519 natu

409 2566 600 2650 expeditus²
614 2567 790 2649 profectus
804 2573 865 2636 est.
887 2566 989 2636 Haud
1004 2566 1113 2636 multo
1128 2573 1205 2648 post
1219 2565 1263 2636 ad
1277 2566 1407 2636 bivium

410 2691 652 2768 pervenerunt,
667 2684 726 2753 ubi
741 2684 808 2753 iter
822 2705 925 2754 suum
938 2683 1161 2754 multifariam
1183 2682 1410 2766 dividebatur;

411 2801 490 2872 duae
503 2801 570 2870 viae
583 2822 645 2885 per
659 2802 755 2872 laetos
770 2822 915 2884 campos,
931 2800 1070 2870 semitas
1084 2801 1193 2883 tritas,
1220 2801 1411 2870 umbrosos

410 2939 478 3002 que
492 2919 586 2988 lucos
600 2919 780 2988 ducebant.
802 2919 879 2988 Duo
902 2918 1048 2987 maiores
1062 2924 1146 2987 natu
1161 2918 1234 2987 vias
1248 2917 1410 2987 3111131113-

411 3057 465 3105 133
489 3035 551 3105 sibi
574 3036 763 3118 elegerunt,
787 3035 947 3104 minimus
968 3042 1095 3116 autem,
1118 3035 1286 3104 iratribus
1300 3056 1408 3117 quum

409 3153 635 3235 valedixisset,
651 3153 744 3222 viam
763 3153 934 3236 ingratam
946 3151 1122 3235 ingressus
1144 3159 1206 3234 est,
1232 3151 1410 3221 sibilando

409 3293 478 3353 que
492 3271 559 3339 iter
572 3270 707 3353 carpsit.

495 3404 696 3487 Ubicunque
721 3405 848 3474 iratres
862 3404 930 3474 duo
945 3403 1030 3474 telas
1052 3403 1193 3473 subtiles
1217 3403 1409 3485 conspicere

408 3527 575 3604 poterant,
592 3542 650 3590 eas
664 3520 962 3604 praestinaverunt,
979 3527 1111 3590 tantam
1134 3526 1252 3589 autem
1277 3519 1408 3602 copiam

410 3660 529 3707 earum
550 3645 758 3719 coemerunt,
771 3645 812 3707 ut
827 3638 879 3706 sui
893 3637 982 3707 carri
1005 3637 1069 3707 sub
1091 3659 1194 3706 onere
1218 3642 1408 3718 creparent,

409 3756 487 3838 equi
502 3763 619 3825 autern
645 3762 832 3837 gemerent.
855 3754 991 3824 Interea
1012 3755 1175 3824 minimus
1200 3755 1315 3836 plures
1336 3753 1409 3822 dies

408 3871 566 3942 taediosos
579 3872 643 3941 iter
656 3871 814 3941 faciendo
829 3871 952 3955 exegit,
963 3893 1025 3941 nec
1036 3872 1144 3940 ullum
1155 3873 1282 3954 reperit
1295 3869 1407 3940 iocum

510 4106 535 4158 1.
546 4104 682 4167 vacuitas,
693 4109 828 4171 apertura,
843 4105 973 4171 apetium,
988 4104 1061 4171 quod
1074 4103 1194 4157 annulus
1211 4103 1340 4170 incingit.

509 4190 534 4242 2.
545 4188 611 4242 Sine
623 4188 738 4251 sarcina,
750 4189 810 4242 aine
822 4188 1025 4256 impedimentis
1037 4193 1066 4241 et
1077 4193 1216 4254 apparatu,
1229 4203 1341 4242 13311113.
