3554 5156
424 957 487 1026 142
832 968 1024 1024 causamn

421 1139 468 1211 sis
481 1137 692 1223 mystacibus
705 1136 817 1208 vicem
830 1135 981 1222 praesidii
1004 1135 1215 1221 praestabant
1228 1141 1423 1218 currentes;

420 1257 514 1327 intra
527 1255 670 1326 rhedam
684 1255 832 1337 denique
847 1253 989 1337 antiqua
1012 1274 1077 1323 sua
1098 1251 1218 1335 amica,
1242 1273 1337 1336 rana,
1358 1252 1425 1323 uti·

422 1395 491 1458 que
505 1395 575 1444 non
589 1371 775 1442 admodum
789 1371 949 1453 formosa,
960 1392 1000 1440 ac
1013 1370 1129 1454 potius
1138 1369 1318 1454 turpicula,
1330 1371 1424 1441 sede·

420 1490 491 1573 bat,
505 1496 623 1560 tamen
637 1489 731 1559 haud
745 1488 818 1558 sine
833 1486 981 1570 quadam
1004 1486 1180 1570 dignitate,
1204 1508 1314 1570 quum
1335 1509 1421 1570 prae·

420 1613 575 1678 tervecta
589 1606 752 1676 iuvenem
767 1605 948 1675 salutabat.

506 1724 557 1793 De
571 1721 723 1793 tortrmis
735 1721 806 1792 suis
819 1743 899 1792 casu
913 1720 1028 1804 aliquo
1041 1727 1223 1792 venustam
1242 1721 1334 1791 illam
1355 1721 1423 1793 vir·

419 1840 548 1924 ginem,
562 1860 667 1923 quam
682 1837 868 1923 quaerebat,
889 1837 1082 1922 reperiendi
1097 1837 1359 1920 cogitationibus
1373 1839 1423 1908 ni-

420 1957 530 2027 mium
544 1977 686 2038 mersus,
701 1955 875 2038 singulare
896 1955 1127 2039 spectaculum
1142 1960 1223 2025 ante
1237 1977 1274 2024 se
1288 1955 1348 2024 v’ur
1361 1955 1423 2025 mi·

419 2073 513 2144 nime
537 2071 755 2156 dignabatur,
780 2070 908 2142 nedum
934 2071 977 2142 ad
1003 2070 1184 2141 ridendum
1207 2093 1311 2154 super
1329 2072 1421 2143 idem

420 2211 628 2275 propensum
657 2211 694 2260 se
722 2189 901 2259 sentiebat.
932 2188 1050 2258 Rheda
1075 2188 1213 2258 interim
1240 2190 1420 2272 paululum

419 2305 713 2392 progrediebatur,
734 2326 845 2389 usque
860 2305 942 2376 dum
957 2305 1001 2376 ad
1015 2305 1147 2375 bivium
1161 2305 1333 2389 quoddam
1348 2328 1422 2391 per·

419 2424 565 2506 veniret,
580 2421 640 2493 ubi
654 2422 787 2492 tumulo
803 2421 953 2505 quodam
968 2422 1229 2504 interveniente,
1254 2423 1343 2494 visui
1365 2447 1421 2495 ex·

419 2540 521 2622 cidit;
543 2547 580 2609 at
595 2545 807 2622 quantopere
822 2539 955 2622 stupuit
970 2561 1078 2622 quum
1093 2539 1215 2623 etipse
1238 2562 1279 2610 eo
1302 2564 1421 2625 perve-

419 2658 537 2739 nisset,
551 2656 667 2740 ibique
680 2677 799 2726 veram
814 2677 855 2726 ac
868 2663 1089 2740 praestantem
1104 2657 1254 2741 rhedam,
1270 2681 1348 2729 cum
1360 2682 1421 2730 sex

418 2773 533 2844 furvis
546 2773 644 2856 equis
657 2772 792 2855 iunctis,
807 2773 937 2856 aun'gis
950 2773 1101 2856 synthesi
1120 2774 1268 2858 eleganti
1281 2775 1420 2860 indutis,

419 2895 585 2972 cerneret,
599 2889 694 2959 intus
708 2896 824 2959 autem
840 2889 1055 2972 virguncula,
1070 2890 1223 2960 omnium
1239 2913 1344 2974 quam
1357 2915 1421 2964 un·

416 3026 523 3091 quam
536 3012 760 3089 conspexerat
773 3005 1001 3088 pulcherrima
1014 3006 1145 3090 sedens,
1167 3029 1203 3077 se
1224 3016 1421 3092 exspectan·

418 3129 472 3194 tes
497 3129 639 3206 starent,
664 3129 700 3192 et
723 3142 832 3206 quum
852 3123 1092 3206 virgunculam
1113 3146 1195 3194 mox
1219 3133 1420 3208 agnosceret

417 3261 492 3311 esse
517 3239 723 3320 Cerasulam,
738 3239 837 3310 cuius
851 3247 1010 3323 aspectus
1033 3241 1207 3323 quondam
1235 3263 1293 3312 cor
1316 3265 1418 3313 suum

417 3363 598 3439 tantopere
620 3354 909 3426 inflammaverat!
930 3356 979 3427 Ut
992 3357 1064 3440 ipse
1078 3379 1120 3427 eo
1134 3359 1302 3442 pervenit,
1327 3360 1420 3444 pedi-

415 3473 514 3556 sequi
526 3471 666 3542 ianuam
681 3472 796 3543 rhedae
810 3472 1015 3556 panderunt,
1027 3482 1062 3544 et
1073 3474 1121 3544 sic
1131 3475 1307 3558 invitatus,
1322 3476 1419 3547 iuxta

415 3589 594 3674 pulchram
609 3589 778 3673 virginem
791 3589 953 3660 consedit.

500 3705 602 3776 Haud
617 3705 726 3775 multo
740 3714 817 3789 post
838 3708 874 3777 in
897 3706 1020 3778 urbem
1041 3707 1150 3791 patris
1174 3709 1259 3792 regii
1283 3709 1418 3782 iuvenis

414 3830 660 3908 pervenerunt,
686 3844 753 3906 quo
768 3831 804 3893 et
818 3824 946 3894 fratres
969 3845 1049 3894 cum
1073 3846 1201 3909 magna
1226 3828 1417 3910 puellarum

381 3997 384 4004 .
414 3947 557 4012 caterva
571 3940 792 4023 appulerant;
814 3941 956 4011 simulac
981 3948 1098 4012 tamen
1112 3943 1276 4014 Cerasula
1289 3944 1325 4013 in
1339 3966 1418 4015 con·

415 4063 572 4142 spectum
597 4063 750 4140 venerat,
775 4057 891 4127 cuncti
915 4057 1015 4128 aulid
1041 4058 1084 4129 ad
1109 4081 1229 4142 unum,
1244 4063 1417 4132 communi

412 4194 593 4256 consensu,
608 4194 769 4244 coronam
783 4173 1047 4259 pulchritudinis
1068 4176 1100 4246 ei
1124 4177 1416 4251 adiudicaverunt.
