3554 5156
428 929 490 998 130
811 941 893 995 sarr
914 941 1052 995 oaorem

514 1109 607 1181 “Iam
621 1109 722 1180 modo
735 1109 790 1180 fas
803 1109 888 1179 mihi
901 1115 954 1179 est
966 1109 1090 1192 loqui,”
1103 1108 1244 1179 tandem
1259 1108 1431 1191 eloquitur

431 1228 532 1298 Elisa.
554 1226 658 1298 “Sum
675 1227 791 1296 insons
801 1225 831 1296 !''

514 1345 616 1416 Nunc
630 1364 714 1415 vero
728 1343 905 1413 hominum
920 1341 1032 1426 turba,
1047 1342 1144 1413 testis
1159 1342 1316 1414 oculatus
1330 1365 1431 1413 even-

429 1464 498 1545 tus,
523 1483 559 1532 se
585 1483 664 1531 cum
689 1481 816 1544 magna
844 1461 1047 1541 reverentia,
1062 1467 1240 1543 tamquam
1255 1467 1337 1530 ante
1358 1482 1432 1531 san-

430 1586 532 1661 ctam,
547 1578 719 1663 profunde
734 1599 770 1649 se
784 1578 996 1662 proclinavit.
1019 1578 1066 1647 At
1089 1578 1173 1661 ipsa,
1198 1599 1241 1648 ex
1265 1586 1339 1648 tam
1360 1579 1433 1648 diu·

430 1702 535 1766 turna
564 1695 736 1779 tacitaque
765 1695 1026 1778 exspectatione,
1053 1716 1096 1764 ex
1120 1695 1289 1778 angustiis
1317 1696 1432 1769 animi,

432 1811 670 1896 doloribusque
686 1811 834 1896 corporis
847 1811 949 1881 nimis
963 1833 1066 1894 aegra,
1081 1811 1117 1880 in
1131 1811 1269 1882 brachia
1282 1813 1433 1882 fratrum

431 1929 657 2000 intermortua
671 1928 826 1999 concidit

516 2045 600 2129 “Ita,
631 2047 744 2129 sane,”
771 2046 869 2116 fattrr
896 2067 989 2116 nunc
1013 2046 1124 2115 irater
1143 2053 1230 2116 natu
1254 2047 1435 2129 maximus,

433 2161 528 2246 “ipsa
543 2163 680 2232 omnino
693 2163 810 2232 insons
824 2163 907 2246 est,”
919 2183 958 2232 ac
972 2163 1190 2246 postmodum
1202 2162 1436 2232 circumstanti

433 2279 611 2350 hominum
624 2279 831 2363 frequentiae
845 2302 888 2348 ex
903 2279 1021 2349 ordine
1045 2280 1203 2349 narravit
1218 2301 1316 2350 suam
1331 2279 1437 2349 omni·

433 2418 495 2466 um
520 2396 706 2466 historiam.
739 2396 830 2465 Dum
855 2394 927 2479 ipse
941 2394 1021 2465 huic
1036 2395 1225 2464 narrationi
1239 2403 1314 2465 erat
1326 2395 1437 2465 inten-

433 2520 502 2596 tus,
527 2513 614 2583 mira
635 2513 900 2597 circumquaque
925 2512 1117 2595 fragrantia
1144 2534 1180 2582 se
1209 2512 1435 2594 diffundebat,

434 2630 504 2700 acsi
515 2636 660 2700 centena
675 2636 711 2699 et
724 2629 828 2699 millia
842 2650 997 2699 rosarum
1012 2628 1213 2698 suavissimo
1238 2628 1340 2699 odore
1365 2649 1437 2698 ma-

435 2754 576 2829 narent;
598 2746 735 2830 etenim,
765 2745 928 2829 quodque
956 2746 1109 2816 frustum
1138 2745 1232 2829 tigni,
1263 2768 1282 2814 e
1312 2746 1438 2829 quibus

436 2869 657 2933 coacervatus
675 2865 782 2945 rogus
795 2867 879 2944 erat,
894 2862 1044 2932 ramulos
1058 2861 1247 2944 emittebat,
1269 2862 1440 2933 radicibus

437 2981 473 3049 in
488 2987 615 3050 terram
628 2981 697 3049 alte
710 2979 804 3061 fixis;
825 2979 918 3061 item,
934 2999 1031 3062 sepes
1044 2999 1201 3048 rosarum
1215 2979 1297 3048 viva
1312 2979 1437 3048 Elisam

438 3097 591 3180 undique
605 3095 758 3178 incinxit,
773 3117 813 3165 ac
826 3116 898 3178 prae
913 3094 1072 3164 omnibus
1091 3095 1164 3164 aliis
1186 3117 1279 3165 unus
1300 3095 1438 3179 quidam

438 3213 501 3284 fios
524 3211 648 3295 fulgidi
673 3211 838 3293 candoris,
867 3211 976 3281 veluti
1000 3212 1117 3294 stellae,
1142 3211 1270 3281 lumine
1294 3213 1439 3295 radians,

439 3329 506 3400 illic
521 3327 683 3397 enitebat.
699 3327 773 3397 Rex
785 3327 891 3396 istum
907 3325 1085 3410 decerpsit,
1100 3333 1136 3396 et
1151 3327 1186 3395 in
1201 3327 1314 3396 sinum
1340 3327 1442 3398 Elisae

440 3443 628 3526 collocavit,
650 3463 719 3526 quo
743 3443 847 3525 facto,
873 3443 963 3512 Elisa
987 3443 1030 3513 ad
1055 3465 1102 3526 se,
1128 3465 1220 3526 pace,
1247 3444 1376 3527 laetitia,
1405 3451 1442 3514 et

441 3561 568 3647 gaudio
581 3561 617 3631 in
632 3561 732 3630 corde
747 3560 856 3631 rediit.

526 3677 599 3747 Hoc
613 3683 787 3746 momento
810 3698 928 3746 omnes
953 3698 1128 3760 campanar
1151 3679 1357 3760 templorum
1378 3700 1442 3750 sua

442 3800 564 3878 sponte
579 3815 700 3863 sonare
713 3799 903 3876 coeperunt,
924 3793 1042 3863 avium
1056 3801 1205 3864 catervae
1218 3793 1262 3864 ad
1278 3815 1368 3876 eum,
1383 3793 1443 3865 ubi

366 3946 398 4007 *a
443 3911 479 3981 hi
493 3910 640 3993 stabant,
655 3910 779 3993 locum,
790 3910 1069 3993 convolaverunt,
1090 3910 1183 3981 unde
1204 3931 1285 3980 mox
1299 3911 1441 3980 solemni

444 4027 592 4110 agmine,
622 4025 677 4096 cui
706 4026 813 4096 simile
842 4025 956 4096 nullus
985 4048 1139 4110 unquam
1161 4049 1222 4097 rex
1242 4026 1386 4111 viderat,
1407 4028 1443 4098 in

445 4143 579 4227 regium
593 4143 758 4227 palatium
773 4149 865 4213 retro
879 4143 967 4212 itum
982 4149 1044 4212 est.
