3540 5156
439 967 502 1038 194
772 979 878 1033 nuos
899 978 945 1031 ur
965 977 1104 1032 rsxcuu

522 1150 605 1221 Haec
619 1171 695 1220 eam
706 1145 846 1219 sollicite
861 1147 1045 1230 seduloque
1060 1152 1248 1229 curantem,
1264 1145 1366 1218 Ceres
1390 1147 1438 1218 al·

438 1290 498 1340 ma
511 1266 745 1350 deprehendit,
760 1272 797 1336 et
810 1267 953 1349 longum
967 1265 1135 1334 exclamat
1149 1264 1318 1347 protinus:

523 1383 609 1468 “Ah,
625 1384 766 1468 Psyche,
781 1381 992 1454 miseranda!
1013 1388 1127 1452 totum
1147 1403 1209 1465 per
1231 1383 1348 1453 orbem
1374 1383 1439 1454 Ve-

438 1525 506 1574 nus
520 1503 622 1572 anxia
635 1501 869 1586 disquisitione
883 1507 985 1570 tuum
999 1499 1183 1583 vestigium
1198 1501 1320 1571 furens
1334 1501 1438 1572 animi

440 1618 602 1704 requirit!
618 1626 721 1702 teque
736 1617 780 1688 ad
794 1625 987 1688 extremum
1012 1617 1214 1700 supplicium
1240 1619 1380 1701 expetit,
1403 1625 1439 1688 et

440 1737 522 1807 totis
536 1736 687 1807 numinis
701 1734 754 1806 sui
769 1733 900 1806 viribus
924 1733 1090 1805 ultionem
1113 1733 1256 1817 flagitat.
1278 1735 1333 1805 Tu
1354 1757 1438 1807 vero

440 1876 556 1924 rerum
582 1874 737 1924 mearum
761 1853 908 1922 tutelam
932 1872 1025 1920 nunc
1049 1850 1151 1934 geris,
1177 1858 1213 1920 et
1236 1851 1328 1922 aliud
1343 1852 1439 1936 quid·

439 1994 544 2056 quam
559 1971 698 2055 cogitas,
713 1969 777 2039 nisi
793 1969 835 2040 de
849 1977 911 2039 tua
925 1968 1076 2039 salutel'’

522 2089 621 2158 'lunc
636 2087 766 2170 Psyche
790 2085 894 2169 pedes
907 2085 981 2156 eius
994 2085 1166 2168 advoluta,
1181 2093 1218 2156 et
1232 2085 1330 2157 uberi
1354 2087 1440 2158 fletu

441 2206 560 2288 rigans
585 2205 667 2274 Deae
694 2203 851 2286 vestigia,
880 2202 1093 2285 humumque
1123 2224 1264 2272 verrens
1290 2203 1440 2276 crinibus

437 2323 520 2405 suis,
534 2321 725 2404 multiiugis
739 2318 897 2404 precibus
911 2319 1020 2401 editis,
1035 2318 1170 2389 veniam
1185 2319 1397 2402 postulabat:

525 2437 613 2508 “Per
628 2460 692 2521 ego
708 2444 743 2507 te
757 2436 963 2520 frugiferam
983 2442 1081 2506 tuam
1096 2435 1252 2506 dextram
1267 2436 1368 2508 istam
1383 2438 1440 2508 de-

436 2578 568 2640 precor,
583 2576 645 2639 per
659 2553 812 2624 laetificas
834 2553 996 2622 messium
1019 2553 1228 2636 cerimonias,
1252 2575 1313 2637 per
1335 2555 1440 2626 tacita

440 2695 537 2744 sacra
551 2673 724 2755 cistarum,
738 2677 775 2740 et
788 2671 998 2740 famulorum
1011 2677 1152 2740 tuorum
1162 2670 1348 2741 draconum
1359 2694 1441 2756 pen·

436 2798 520 2861 nata
534 2789 712 2872 curricula,
727 2794 763 2859 et
778 2787 888 2871 glebae
902 2786 1023 2858 Sicula
1043 2787 1240 2871 sulcamina,
1256 2794 1291 2857 et
1301 2810 1442 2860 currum

439 2929 609 2991 rapacem,
623 2913 660 2976 et
673 2912 801 2976 terram
822 2912 987 2987 tenacem,
1010 2910 1047 2974 et
1067 2903 1338 2974 illuminaturum
1361 2907 1443 2978 Pro·

441 3025 587 3109 serpinae
620 3024 820 3106 nuptiarum
853 3020 1101 3103 demeacula¹³⁰
1129 3027 1166 3090 et
1194 3021 1440 3093 luminosarum

438 3141 517 3211 iiliae
532 3140 770 3210 inventionum
792 3138 993 3220 remeacula,
1008 3145 1044 3207 et
1058 3144 1183 3207 catera
1206 3160 1285 3221 quae
1309 3139 1441 3211 silentio

438 3259 526 3342 tegit
540 3257 709 3328 Eleusinis
723 3255 848 3326 Atticae
862 3254 1058 3335 sacrarium,
1074 3255 1278 3325 miserandae
1294 3255 1442 3338 Psyches

541 3544 598 3597 129.
615 3539 787 3606 illuminas,
804 3556 844 3604 ·u,
862 3555 935 3602 -um,
956 3557 1011 3593 non
1033 3539 1229 3602 illuminatam,
1249 3539 1310 3593 sine
1329 3540 1443 3620 lumine,

440 3628 517 3694 qnod
528 3627 690 3693 Proserpina
702 3627 759 3678 Dea
771 3631 830 3678 erat
846 3624 1010 3677 inferorum.

543 3712 601 3763 130.
618 3707 840 3772 Demeoculum,
857 3713 886 3761 et
898 3705 1111 3772 remaculant,
1126 3705 1264 3771 amada-e,
1279 3708 1326 3770 ire,
1339 3707 1443 3770 demeo,

443 3794 578 3849 descendo
594 3809 694 3855 remeo,
710 3794 798 3855 redeo,
823 3791 950 3856 ascendo,
977 3790 1119 3845 descendo.
1137 3788 1232 3854 stlta,
1260 3791 1306 3844 hic
1330 3791 1385 3844 loci
1401 3797 1443 3844 est

442 3879 612 3944 Proserpina,
626 3877 683 3930 filia
694 3877 809 3938 Cereris,
824 3875 902 3929 cuius
916 3874 1093 3928 inventiones
1114 3881 1179 3928 runt
1199 3876 1355 3936 humentem
1371 3875 1444 3928 hanc

442 3963 524 4016 Pluto
535 3961 564 4014 in
577 3960 671 4014 Sicilia
684 3960 764 4013 dores
777 3962 915 4026 legentem
933 3959 1061 4025 abripuit,
1074 3959 1104 4011 in
1115 3959 1220 4011 inieras
1231 3959 1359 4024 regiones
1371 3958 1446 4011 detu·

442 4047 486 4107 lit,
499 4051 527 4097 et
540 4058 651 4097 uxorem
664 4059 741 4097 suam
755 4043 823 4096 iacit
836 4047 922 4106 atque
933 4042 1068 4108 Reginam
1082 4041 1244 4094 Inferorum.
1260 4072 1287 4083 -
1303 4039 1440 4105 Eleusin,

442 4127 526 4192 -e‘nia,
542 4129 572 4190 f,
585 4127 777 4194 antiquissima
789 4127 853 4179 urbs
864 4127 894 4178 in
908 4125 1009 4187 Attica,
1023 4125 1057 4178 de
1068 4125 1125 4178 ritu
1138 4131 1166 4178 et
1179 4125 1344 4178 caerimoniis
1354 4125 1384 4177 in
1399 4125 1444 4177 ho

444 4228 538 4266 norem
553 4211 661 4269 Cereris
671 4214 752 4277 longe
765 4211 873 4276 lateque
885 4211 967 4262 clara.
