3554 5156
424 905 487 975 128
807 919 889 974 FER!
910 919 1047 976 obortas

424 1088 497 1160 baec
512 1095 587 1160 erat
601 1109 680 1172 nox,
694 1109 762 1173 qua
775 1109 861 1172 opus
874 1110 977 1159 suum
990 1088 1035 1159 ad
1049 1088 1153 1159 finem
1166 1087 1422 1172 perducendum

425 1213 509 1290 erat,
523 1205 673 1290 alioquin
686 1206 802 1277 omnia
815 1207 914 1290 mala,
928 1226 1007 1290 quae
1032 1205 1144 1276 adhuc
1166 1205 1361 1289 pertulisset
1381 1241 1423 1251 -

425 1325 557 1396 dolores
571 1323 721 1408 corporis
734 1329 770 1394 et
784 1323 900 1407 animi,
916 1329 1033 1394 noctes
1058 1323 1229 1394 insomnes
1248 1357 1290 1368 -
1315 1323 1423 1394 incas·

423 1463 501 1514 sum
515 1441 672 1513 fuissent
688 1441 970 1526 Archiepiscopus
984 1441 1101 1512 multis
1113 1440 1228 1512 verbis
1240 1440 1336 1512 iratis
1350 1447 1424 1512 tan·

424 1561 503 1632 dem
516 1559 678 1642 discessit
694 1580 816 1630 verum
832 1559 1048 1630 infortunata
1062 1559 1153 1630 Elisa
1173 1580 1246 1629 suae
1266 1559 1425 1630 innocen·

424 1678 483 1748 tiae
497 1697 636 1762 prorsus
648 1677 782 1748 conscia
796 1683 880 1759 erat,
894 1676 1035 1760 prohinc
1049 1697 1136 1760 opus
1150 1676 1422 1760 prosequebatur

422 1817 535 1868 suum
1407 1879 1410 1887 Ι

507 1912 653 1986 Musculi
668 1913 803 1997 parvud
816 1913 948 1983 interea
960 1914 1102 1983 solerter
1115 1913 1184 1984 huc
1199 1920 1234 1984 et
1249 1913 1328 1985 illuc
1348 1935 1424 1984 cur·

424 2031 556 2115 sabant,
580 2031 709 2101 urticas
731 2030 775 2100 ad
799 2030 904 2114 pedes
926 2031 999 2100 eius
1022 2029 1231 2114 devehendo,
1254 2051 1354 2114 opem
1376 2031 1424 2102 illi

424 2149 625 2230 afferentem
645 2147 771 2218 turdus
783 2153 900 2218 autem
914 2147 1053 2218 clathris
1065 2147 1187 2218 ferreis
1201 2147 1359 2231 insidens,
1374 2155 1424 2219 to·

424 2272 497 2337 iam
521 2270 657 2336 noctem
680 2284 803 2334 sonora
826 2285 910 2334 voce
931 2262 1105 2347 cantilena,
1120 2286 1197 2335 eam
1211 2265 1311 2335 solari
1325 2285 1426 2335 cona·

424 2383 537 2466 batru,
553 2403 597 2452 ne
610 2381 778 2452 fortitudo
792 2380 897 2451 animi
911 2380 1011 2452 Elisae
1026 2380 1193 2452 deficeret

508 2499 565 2570 Sol
578 2498 726 2570 necdum
739 2497 906 2580 surrerdt;
922 2501 992 2568 und
1005 2498 1090 2570 hora
1104 2504 1184 2569 ante
1200 2506 1325 2583 ortum,
1340 2501 1426 2572 dilu-

424 2618 510 2701 culo,
526 2637 635 2700 quum
648 2616 806 2687 undecim
826 2616 954 2686 fratres
974 2623 1056 2685 ante
1077 2623 1211 2700 portam
1234 2616 1339 2701 regiae
1359 2625 1426 2689 sta·

425 2735 511 2806 bant
530 2733 684 2805 exaudiri
698 2754 720 2803 a
732 2754 814 2816 rege
834 2731 1049 2816 flagitantem
1070 2733 1128 2804 sed
1150 2754 1351 2819 responsum
1372 2742 1427 2806 tu·

426 2855 541 2924 lerunt
556 2851 590 2922 id
603 2851 677 2921 fieri
692 2872 761 2921 nou
782 2871 890 2934 posse,
912 2850 1003 2934 quod
1024 2871 1133 2934 usque
1153 2872 1223 2921 nox
1243 2859 1342 2935 esset,
1363 2873 1425 2922 rex

425 2990 535 3054 usque
558 2969 730 3051 dormiret,
752 2989 816 3039 nec
838 2966 938 3038 aulici
963 2988 1043 3039 eum
1064 2968 1229 3039 suscitare
1250 2969 1426 3043 auderent.

425 3087 564 3158 Fratres
582 3107 652 3157 non
672 3093 859 3169 cessarunt,
880 3085 1025 3156 ulterius
1045 3086 1291 3170 supplicabant,
1320 3089 1428 3160 mina·

425 3205 563 3287 bantur,
578 3203 774 3288 praesidium
788 3202 954 3286 prodibat,
965 3202 1111 3285 denique
1120 3208 1155 3272 et
1164 3203 1235 3286 ipse
1246 3225 1427 3288 rexegres·

424 3342 485 3392 sus
497 3319 742 3403 sciscitabatur,
758 3319 840 3403 quid
854 3319 905 3389 rei
918 3325 1105 3402 gereretur.
1127 3319 1256 3390 Eodem
1276 3342 1427 3391 momen·

424 3445 462 3510 to
475 3438 525 3508 sol
539 3445 680 3507 exortus
693 3443 755 3519 est,
770 3457 833 3506 nec
846 3436 974 3506 iratres
998 3436 1143 3519 amplius
1165 3437 1311 3521 conspici
1332 3445 1426 3522 pote·

426 3562 514 3638 rant,
529 3561 634 3639 atque
656 3553 817 3624 undecim
838 3552 972 3624 candidi
993 3552 1110 3624 Olores
1133 3575 1237 3638 supra
1258 3555 1424 3638 palatium

426 3673 562 3743 evolare
577 3671 642 3741 visi
657 3677 748 3741 sunt.

509 3786 650 3858 Interim
665 3807 791 3870 magna
803 3786 982 3858 hominum
997 3787 1183 3858 multitudo
1198 3795 1296 3859 extra
1310 3795 1427 3873 portas

426 3904 522 3976 urbis
534 3903 706 3988 produxit,
721 3903 990 3974 combustionem
1015 3925 1108 3987 saga
1130 3903 1269 3975 videndi
1293 3904 1426 3988 cupida

427 4021 629 4105 Decrepitus
639 4021 777 4106 quidam
787 4021 939 4092 caballus
948 4021 1112 4092 ductabat
1122 4027 1325 4104 carpentum
1335 4021 1428 4105 quod

426 4139 554 4210 Elisam
580 4138 746 4221 vehebat3
767 4138 891 4209 amicta
914 4138 988 4221 ipse
1013 4144 1088 4209 erat
1113 4138 1261 4210 saccario
1289 4138 1427 4224 amictu,
