3540 5156
404 910 467 978 184
739 926 842 978 huon
863 926 908 977 ur
931 925 1067 979 esicus

399 1114 485 1162 num
499 1092 633 1162 articuli
648 1093 731 1162 nixu
745 1093 879 1162 fortiori
895 1093 1042 1177 pupugit
1056 1091 1169 1175 altius,
1180 1099 1222 1162 ut
1233 1113 1296 1176 per
1310 1114 1401 1162 sum·

400 1230 492 1278 mam
507 1209 613 1279 cutim
629 1210 823 1279 roraverint
837 1211 993 1293 parvulae
1007 1209 1184 1292 sanguinis
1209 1209 1295 1278 rosei
1321 1216 1399 1292 gut·

400 1333 458 1395 tae.
475 1325 528 1396 Sic
542 1326 662 1410 ignara
676 1327 817 1408 Psyche,
830 1332 953 1409 sponte
969 1327 1005 1395 in
1027 1326 1163 1395 Amoris
1177 1325 1296 1395 incidit
1310 1347 1401 1395 amo-

400 1464 482 1512 rem.
497 1444 595 1513 Tunc
610 1443 721 1526 magis
734 1444 912 1526 magisque
928 1442 1085 1526 cupidine
1099 1443 1250 1526 flagrans
1265 1443 1400 1526 Cupidi-

401 1560 463 1642 nis,
478 1582 586 1643 prona
599 1561 635 1630 in
650 1583 730 1631 eum
745 1561 896 1630 efflictim
920 1560 1064 1642 inhians,
1090 1561 1216 1643 patulis
1241 1583 1281 1630 ac
1301 1568 1400 1644 petu-

399 1677 551 1747 lantibus
564 1679 692 1748 suaviis
719 1678 925 1747 festinanter
949 1678 1102 1761 ingestis,
1116 1678 1160 1747 de
1173 1679 1283 1748 somni
1308 1701 1402 1748 men·

400 1815 481 1864 sura
494 1797 681 1866 metuebat.
703 1795 768 1866 Sed
785 1795 868 1866 dum
893 1794 981 1865 bono
1005 1803 1103 1865 tanto
1125 1797 1265 1880 percita,
1286 1797 1401 1866 saucia

400 1919 516 1981 mente
545 1913 702 1994 fluctuat,
729 1915 869 1982 lucerna
892 1912 959 1994 illa,
982 1913 1054 1982 sive
1079 1913 1221 1997 perfidia
1243 1914 1400 1997 pessima,

398 2029 470 2098 sive
484 2029 613 2099 invidia
627 2031 738 2113 noxia,
753 2029 825 2099 sive
841 2029 933 2112 quod
948 2031 1016 2099 tale
1042 2052 1165 2113 corpus
1191 2030 1399 2113 contingere,

399 2154 435 2216 et
450 2147 547 2230 quasi
562 2146 694 2218 basiare
708 2154 744 2217 et
758 2147 832 2229 ipsa
854 2147 1041 2230 gestiebat:
1063 2147 1217 2216 evomuit
1240 2147 1281 2217 de
1307 2169 1400 2218 sum·

396 2285 454 2333 ma
468 2265 606 2334 luminis
619 2265 674 2334 sui
688 2265 813 2334 stillam
833 2264 1003 2334 ferventis
1017 2263 1082 2332 olei
1096 2285 1200 2346 super
1215 2264 1399 2334 humerum

398 2381 460 2451 Dei
486 2381 656 2452 dextrum.
682 2381 771 2452 Hem
796 2381 912 2452 audax
936 2391 972 2450 et
994 2381 1177 2450 temeraria
1191 2383 1340 2464 lucerna,
1362 2389 1398 2451 et

398 2499 522 2568 amoris
551 2499 619 2568 vile
647 2500 886 2581 ministerium,
912 2499 1025 2581 ipsum
1048 2497 1139 2581 ignis
1159 2499 1267 2568 totius
1287 2498 1399 2568 Deum

395 2616 520 2698 aduris,
537 2637 644 2698 quum
660 2622 696 2686 te
710 2616 834 2686 scihcet
849 2622 982 2685 amator
996 2615 1127 2697 aliquis,
1143 2623 1184 2684 ut
1198 2615 1329 2686 diutius
1342 2638 1401 2686 cu·

397 2733 477 2816 pitis
504 2733 608 2802 etiam
636 2741 737 2803 nocte
765 2733 944 2817 potiretur,
973 2731 1104 2816 primus
1131 2732 1322 2803 invenerit!
1343 2732 1397 2804 Sic

395 2850 533 2920 inustus
546 2850 670 2921 exsiliit
685 2851 787 2933 Deus,
801 2850 944 2932 visaque
969 2849 1116 2919 detectae
1142 2849 1220 2920 fidei
1244 2849 1398 2932 colluvie,

395 2987 535 3049 prorsus
556 2991 599 3038 ex
622 2967 726 3038 oculis
751 2974 786 3037 et
809 2966 968 3036 manibus
988 2965 1229 3037 infelicissimae
1245 2965 1399 3050 coniugis

394 3085 520 3154 tacitus
533 3085 694 3155 avolavit.

477 3201 525 3271 At
539 3201 669 3284 Psyche
684 3201 802 3271 statim
817 3200 1027 3283 resurgentis
1052 3199 1126 3270 eius
1151 3221 1249 3270 crure
1270 3200 1392 3270 dextro

393 3318 551 3388 manibus
564 3318 732 3388 ambabus
746 3324 894 3399 arrepto,
910 3317 1064 3388 sublimis
1075 3315 1260 3386 evectionis
1272 3339 1399 3400 appen-

393 3434 451 3504 dix
465 3435 665 3518 miseranda,
681 3443 717 3504 et
731 3457 792 3518 per
806 3432 941 3504 nubilas
966 3433 1086 3517 plagas
1101 3434 1238 3516 penduli
1254 3435 1397 3503 comita·

392 3558 451 3622 tus
465 3560 620 3622 extrema
635 3557 866 3636 cousequa,¹⁰8
882 3552 1022 3623 tandem
1032 3554 1125 3623 fessa
1136 3552 1307 3623 delabitur
1316 3555 1396 3624 solo.

394 3669 467 3738 Nec
482 3669 574 3739 Deus
588 3677 722 3739 amator
735 3669 832 3739 humi
846 3669 1014 3739 iacentem
1038 3671 1208 3752 deserens,
1230 3671 1396 3741 involavit

393 3787 581 3870 proximam
596 3808 805 3870 cupressum,
821 3787 932 3870 deque
958 3787 1032 3856 eius
1056 3788 1125 3856 alto
1152 3787 1326 3856 cacumine
1348 3787 1396 3858 sic

393 3925 470 3974 eam
483 3905 637 3988 graviter
649 3911 842 3974 commotus
855 3904 1003 3974 affatur:

493 4089 551 4141 108.
568 4087 750 4156 Consequens,
792 4103 835 4141 ue
857 4087 988 4154 sequitur,
1007 4087 1143 4154 pendebat
1165 4087 1239 4140 enim
1262 4087 1297 4140 de
1314 4101 1393 4141 crure

392 4169 499 4208 sursum
512 4155 632 4208 volantis
643 4155 693 4208 Dei
707 4155 774 4221 Cupi
795 4155 856 4217 'nie
869 4155 1084 4222 sequebaturque
1097 4170 1159 4208 eum
1172 4154 1270 4208 invita.
