3540 5156
669 969 774 1024 rmore
795 969 840 1022 ur
861 965 997 1022 essexe
1270 945 1333 1016 205

334 1141 446 1212 bus¹⁵¹
465 1139 597 1210 cavatis
616 1144 832 1224 proserpunt,
851 1144 887 1208 et
912 1138 1015 1220 longa
1030 1136 1114 1206 colla
1139 1132 1335 1220 porrecti¹⁵2

335 1258 419 1330 saevi
434 1258 608 1340 dracones,
627 1255 867 1327 inconnivae¹⁵³
883 1253 1010 1338 vigilite
1031 1253 1220 1324 luminibus
1244 1250 1336 1322 addi·

335 1375 409 1459 ctis,
421 1381 457 1445 et
471 1375 507 1444 in
522 1381 727 1458 perpetuam
739 1372 849 1443 lucem
864 1371 1001 1457 pupillis
1015 1368 1272 1441 excubantibus.

419 1493 561 1576 lamque
584 1498 620 1562 et
640 1491 724 1574 ipsae
738 1496 847 1560 semet
869 1489 1056 1559 movebant
1080 1487 1216 1558 vocales
1236 1506 1336 1568 aquae

336 1609 404 1680 iam
419 1616 456 1680 et
470 1607 633 1680 “Discede
644 1607 673 1676 !''
696 1614 732 1677 et
753 1605 864 1690 “Quid
890 1606 986 1688 iacis,
1016 1604 1134 1674 vide!”
1163 1610 1199 1674 et
1227 1601 1339 1686 “Quid

338 1727 453 1810 agis?”
484 1723 596 1796 “Cave
618 1731 654 1794 et
679 1724 775 1808 Fuge
784 1723 813 1794 !”
839 1731 876 1794 et
899 1721 1081 1806 “Peribis'’
1106 1722 1249 1793 subinde
1274 1721 1340 1790 cla·

336 1850 444 1914 mant.
459 1842 512 1914 Sic
527 1841 796 1926 impossibilitate
809 1841 883 1926 ipsa
896 1848 1032 1911 mutata
1045 1841 1080 1910 in
1095 1840 1242 1923 lapidem
1257 1839 1339 1922 Psy·

335 1961 409 2045 che,
424 1961 584 2045 quamvis
597 1959 758 2044 prasenti
772 1979 922 2042 corpore,
943 1956 1099 2028 sensibus
1120 1965 1237 2028 tamen
1262 1956 1339 2026 abe·

337 2086 401 2162 rat,
428 2085 464 2148 et
488 2075 731 2147 inextricabilis
758 2075 899 2159 periculi
926 2097 1021 2146 more
1042 2097 1182 2158 prorsus
1205 2075 1339 2157 obruta,

337 2198 566 2278 lacrymarum
580 2193 684 2264 etiam
699 2201 853 2264 extremo
869 2192 988 2264 solatio
1002 2193 1150 2263 canebat.

424 2312 497 2382 Nec
514 2310 743 2382 Providentiae
758 2311 863 2380 Bonae
877 2332 1002 2394 graves
1022 2311 1137 2381 oculos
1151 2310 1341 2380 innocentis

338 2429 462 2501 anbnae
476 2428 578 2499 latuit
592 2448 755 2498 aerumna
767 2429 858 2498 Nam
869 2431 1019 2512 supremi
1032 2428 1122 2498 lovis
1132 2429 1255 2512 regalis
1267 2427 1342 2498 avis

339 2547 405 2630 illa,
420 2553 573 2630 repente,
588 2546 765 2630 propansis
780 2547 955 2629 utrimque
969 2546 1099 2630 pennis
1110 2546 1225 2616 adfuit
1236 2569 1343 2630 rapax

339 2664 463 2749 aquila,
478 2683 679 2746 memorque
694 2663 821 2733 veteris
846 2663 1008 2746 obsequii,
1024 2684 1094 2745 quo
1109 2663 1216 2734 ductu
1242 2663 1342 2749 Cupi-

340 2781 428 2852 dinis
453 2779 526 2850 lovi
551 2779 782 2864 pocillatorem
808 2780 997 2864 Phrygium
1011 2781 1208 2866 sustulerat,
1224 2804 1343 2866 oppor-

341 2907 463 2969 tunam
477 2900 594 2968 ferens
608 2919 718 2981 opem,
734 2897 865 2982 Deique
887 2899 1064 2968 numenio
1080 2900 1197 2969 uxoris
1221 2900 1343 2971 labori·

342 3017 408 3087 bus
420 3016 605 3101 percolens
618 3015 680 3085 alti
693 3015 850 3084 culminis
870 3015 984 3086 Diales
997 3016 1071 3086 vias
1085 3016 1220 3100 deserit,
1242 3016 1285 3087 ob
1306 3039 1345 3088 os

341 3133 464 3219 puellae
477 3132 669 3216 provolans,
684 3132 820 3214 incipit:

427 3249 495 3320 “At
510 3258 559 3332 tu,
575 3248 717 3332 simplex
727 3248 887 3332 alioquin,
902 3255 938 3320 et
953 3271 1075 3332 expers
1084 3271 1201 3321 rerum
1212 3252 1344 3337 talium,

342 3388 504 3452 sperasne
518 3374 559 3437 tu
574 3365 787 3449 sanctissimi,
807 3388 870 3437 nec
885 3367 1000 3436 minus
1021 3369 1208 3438 truculenti
1229 3370 1346 3454 fontis,

343 3485 400 3555 vel
426 3505 532 3554 unam
554 3483 678 3553 stillam
694 3504 792 3565 posse
805 3484 926 3567 iurari,
940 3484 996 3554 vel
1010 3485 1148 3554 omnino
1171 3487 1345 3572 continge·

447 3701 503 3754 151.
521 3701 666 3762 Cautibus;
684 3701 738 3754 duo
751 3707 817 3754 sunt
837 3701 977 3764 vocabula,
994 3705 1106 3766 mutas,
1121 3701 1171 3766 -ίε,
1185 3705 1220 3767 f..
1234 3709 1345 3773 scopuli,

343 3803 409 3841 saxa
419 3791 515 3846 acutum
533 3791 562 3838 et
576 3799 633 3848 cos,
651 3783 734 3848 cotis,
751 3785 780 3847 f..
794 3785 884 3852 lapsis,
902 3785 1052 3851 presertim
1063 3787 1098 3839 ad
1109 3789 1232 3842 acuenda
1243 3789 1345 3845 instru-

344 3875 439 3924 menta
451 3869 541 3922 ferres
552 3870 587 3922 ad
601 3868 768 3922 cadendum.

446 3953 503 4006 152.
520 3953 563 4006 Ita
577 3952 678 4014 Graeci;
696 3968 755 4013 nos,
767 3951 872 4016 Latine,
883 3951 1081 4020 pertinentes.

446 4036 503 4090 153.
520 4033 711 4099 Imonoimca,
726 4050 767 4100 -u,
784 4050 858 4099 -um,
872 4035 1016 4100 arrium,
1029 4034 1090 4101 -tis,
1115 4041 1186 4106 quod
1204 4041 1287 4095 verbo
1304 4059 1347 4097 ca-

345 4128 396 4184 ret,
408 4121 455 4176 scd
469 4121 582 4174 verbum
595 4119 775 4185 compositum
786 4125 829 4173 cst
841 4118 988 4184 conniveo,
1009 4121 1093 4184 nicto,
1107 4123 1202 4177 claudo
1215 4129 1243 4178 et
1255 4127 1348 4192 aperio

347 4207 455 4267 oculos3
473 4203 629 4258 inconnivae
642 4203 756 4270 vigilia,
772 4219 913 4271 nunquam
925 4205 1011 4258 clausi
1021 4205 1102 4259 oculi
