3554 5156
423 921 465 992 70
653 935 908 990 numnnmuno
928 934 1051 1000 arque
1071 933 1202 990 rasni

422 1103 612 1186 sciscitatae,
628 1103 768 1186 quinam
782 1103 854 1186 ipse
880 1109 953 1172 tarn
978 1101 1125 1172 crudelis
1149 1122 1223 1171 esse
1248 1101 1423 1184 potuisset,

423 1227 464 1290 ut
477 1221 666 1302 quamlibet
681 1241 800 1290 earum
815 1219 943 1302 requiri
958 1240 1057 1303 posse
1071 1225 1279 1300 autumaret,
1303 1226 1344 1288 ut
1365 1217 1422 1289 do·

423 1358 519 1408 mum
533 1336 691 1407 immanis
705 1336 849 1407 monstri
863 1336 983 1418 adiret,
1000 1335 1131 1405 etiamsi
1147 1335 1181 1404 id
1196 1335 1249 1405 sui
1265 1333 1425 1406 servandi

422 1475 525 1524 causa
539 1453 647 1524 fieret.

520 1569 649 1654 “Culpa
681 1570 950 1640 Pulchritudinis
974 1568 1008 1640 id
1034 1571 1169 1639 factum
1193 1569 1276 1649 est,”
1312 1567 1423 1652 inqui·

422 1685 507 1757 bant
521 1687 596 1758 illae.
618 1685 753 1769 “Quare
767 1688 840 1771 ipsa
855 1709 923 1756 non
940 1685 1127 1770 postulavit
1142 1707 1214 1755 rem
1239 1686 1424 1768 quamdam

422 1805 639 1887 ordinariam,
654 1812 694 1875 ut
708 1827 771 1875 nos
785 1804 967 1876 fecimus?”

507 1919 562 1992 “si
576 1923 677 2006 culpa
690 1926 768 1992 mea
782 1922 817 1991 id
830 1924 965 1992 factum
980 1921 1062 2004 est,”
1078 1921 1223 2002 denique
1250 1919 1424 2003 respondit

422 2038 653 2122 Pulchritudo,
669 2038 764 2124 “ipsa
779 2061 833 2110 me
849 2039 892 2110 ad
907 2039 1046 2109 domum
1069 2039 1193 2108 Bestiae
1215 2038 1424 2108 conferam.’'

505 2157 618 2239 Pater,
639 2158 835 2240 fratresque
849 2157 901 2227 sui
917 2157 1098 2226 edixerunt
1112 2177 1148 2225 se
1163 2155 1198 2224 id
1213 2176 1282 2224 non
1307 2175 1424 2238 passu·

422 2294 488 2355 ros,
503 2273 576 2356 ipsa
590 2280 706 2343 tamen
722 2295 838 2344 secum
860 2273 911 2343 ire
936 2274 1068 2356 statuit,
1096 2280 1201 2355 atque
1226 2272 1310 2342 nihil
1331 2271 1424 2356 quod

422 2397 530 2473 pater,
553 2391 747 2474 fratresque
773 2390 884 2461 dicere
909 2398 971 2461 aut
991 2412 1095 2475 agere
1109 2397 1279 2474 poterant,
1305 2410 1381 2460 eam
1402 2411 1424 2460 a

421 2508 593 2591 proposito
609 2507 786 2578 deterruit.

505 2625 589 2694 Post
613 2647 766 2695 mensem
791 2633 950 2695 exactum
974 2624 1196 2695 Pulchritudo
1220 2645 1300 2694 cum
1324 2629 1423 2708 patre

421 2743 522 2812 domo
536 2743 760 2826 abequitavit,
774 2749 810 2812 et
824 2743 983 2825 quamvis
999 2750 1092 2812 metu
1116 2742 1226 2812 omnis
1248 2747 1423 2824 tremeret,

420 2859 455 2930 id
471 2859 609 2929 minime
624 2859 781 2942 prodidit.
804 2860 852 2930 Ut
867 2860 934 2930 iam
950 2866 1062 2943 antea,
1078 2880 1189 2942 equus
1215 2859 1423 2940 mercatoris,

422 2976 553 3046 etiamsi
567 2977 639 3059 ipse
654 2997 733 3059 non,
756 2977 849 3047 viam
873 2976 978 3060 probe
1003 2976 1110 3059 novit,
1135 2983 1172 3046 et
1194 2976 1283 3060 hinc,
1309 2976 1423 3059 paullo

422 3102 499 3178 post
513 3093 592 3164 solis
606 3115 762 3164 occasum
776 3094 811 3163 in
827 3094 940 3163 locum
955 3100 1198 3178 pervenerunt.

506 3212 645 3294 Xystus,
660 3218 822 3295 totusque
835 3210 968 3282 iamdus
982 3211 1166 3281 luminibus
1192 3210 1422 3295 refulgebant,

422 3329 581 3412 quoniam
596 3335 730 3398 cunctae
744 3335 870 3398 statuae
883 3329 1016 3398 faculas
1040 3328 1216 3411 gerebant.
1240 3327 1420 3398 Verumta-

421 3468 511 3526 men,
526 3452 567 3515 ut
582 3453 693 3529 antea,
708 3445 823 3516 nulus
837 3445 1033 3515 mortalium
1048 3444 1230 3515 videbatur
1244 3446 1357 3516 locum
1371 3445 1421 3514 in·

421 3564 540 3634 colere.

504 3679 736 3750 Ascendentes
749 3680 1033 3764 perambulabant
1047 3679 1242 3750 resonantia
1257 3679 1420 3764 cubicula,

420 3819 499 3882 quae
511 3797 655 3868 millenis
670 3797 818 3867 candelis
832 3797 982 3867 accensis
992 3817 1124 3867 summo
1134 3797 1312 3880 splendore
1322 3805 1422 3869 erant

419 3916 627 3996 collustrata,
642 3914 749 3984 donec
762 3914 805 3985 ad
820 3914 903 3985 illud
917 3914 1101 3998 venissent,
1116 3913 1152 3984 in
1167 3935 1236 3998 quo
1251 3923 1421 3986 mercator

420 4039 502 4103 ante
526 4053 676 4102 mensem
702 4039 943 4116 pernoctasset.
966 4032 1123 4102 Mensula
1151 4031 1276 4103 ibidem
1305 4031 1419 4103 stabat

421 4171 500 4221 cum
514 4172 612 4220 coena
625 4171 689 4234 pro
703 4151 836 4221 duobus
861 4156 1035 4234 apparata.
1058 4148 1280 4220 Pulchritudo
1302 4149 1422 4220 formi-
