3554 5156
557 965 1084 1030 emcfflrunomoueoasru
1279 951 1321 1022 79

404 1131 518 1203 “Nihil
531 1154 673 1216 prorsus
686 1134 891 1215 mutatum,”
906 1135 1081 1219 cogitabat
1103 1155 1220 1205 secum
1243 1135 1322 1206 Pul·

320 1249 487 1333 chritudo,
503 1249 660 1334 “oportet
673 1251 790 1335 itaque
803 1259 928 1323 cuncta
940 1254 1035 1323 salva
1049 1253 1153 1324 esse.”

404 1369 567 1438 Attamen
582 1369 657 1453 ipsa
670 1376 744 1439 toto
757 1368 813 1439 die
827 1391 956 1452 angore
967 1370 1115 1454 quodam
1126 1370 1320 1454 tenebatur,

321 1485 577 1568 adventumque
602 1506 755 1570 vesperae
774 1485 956 1569 impatiens
980 1487 1229 1570 opperiebatur.
1256 1490 1322 1558 Ve·
1378 1577 1382 1586 .

320 1625 419 1687 spera
434 1602 573 1686 quidem
586 1603 727 1672 tandem
742 1602 892 1684 advenit,
906 1625 975 1672 non
984 1603 1069 1673 item
1081 1604 1202 1674 Bestia
1219 1602 1321 1674 “For-

321 1725 410 1791 tasse
425 1719 489 1790 hac
510 1740 654 1803 vespera
674 1719 807 1789 tardius
829 1719 1021 1803 adveniet,”
1044 1721 1217 1804 cogitabat
1237 1721 1319 1805 ipsa.

320 1834 467 1907 Sollicita
481 1835 589 1918 igitur
603 1835 823 1919 exspectabat
846 1834 1060 1919 horologium
1081 1843 1270 1920 aspectans,
1285 1846 1323 1908 at

322 1952 436 2023 Bestia
448 1973 518 2021 non
533 1951 638 2021 venit.

405 2070 536 2138 Praeter
549 2068 690 2139 modum
704 2069 906 2152 perturbata
931 2069 1078 2152 denique
1101 2071 1258 2155 surrexit,
1280 2094 1321 2143 ac

321 2207 356 2258 se
370 2185 502 2268 induta,
516 2184 718 2269 perquisivit
733 2184 908 2268 palatium,
921 2207 1075 2269 voceque
1100 2187 1250 2258 Bestiam
1265 2211 1324 2272 ap·

320 2304 470 2388 pellavit.
492 2303 653 2373 Ambitus
667 2302 909 2385 conclaviaque
935 2304 1003 2374 alte
1026 2303 1182 2388 silebant,
1205 2327 1320 2389 quam-

319 2420 372 2490 vis
385 2421 523 2491 millena
535 2419 756 2490 candelarum
770 2417 941 2502 arderent,
957 2419 1026 2490 acsi
1041 2420 1217 2505 hospitum
1235 2424 1321 2493 mul·

321 2537 434 2608 titudo
450 2543 715 2622 exspectaretur.

400 2655 555 2726 Tandem
569 2653 793 2724 Pulchritudo
806 2653 842 2722 in
857 2653 997 2725 hortum
1007 2656 1230 2738 procucurrit.
1242 2656 1319 2727 Sta·

319 2780 391 2844 tuae
404 2794 521 2843 omnes
535 2771 695 2843 ardentes
708 2770 868 2842 ferebant
883 2771 1001 2854 taedas,
1012 2793 1160 2856 quarum
1175 2773 1323 2845 flammae

319 2893 406 2961 aura
429 2891 599 2959 nocturna
622 2888 701 2958 lete
726 2888 960 2972 agitabantur,
983 2910 1171 2973 earumque
1192 2891 1322 2962 lumina

321 3006 462 3078 undulae
486 3005 703 3089 piscinarum,
727 3004 836 3074 veluti
861 3005 1013 3075 frustula
1035 3007 1251 3090 speculorum
1270 3030 1322 3080 re·

319 3124 432 3194 fracta
445 3120 723 3192 reverberabant.

404 3238 628 3310 Pulchritudo
656 3245 798 3308 cunctas
820 3237 958 3308 semitas
983 3237 1074 3308 horti
1100 3242 1324 3325 percursavit,

321 3355 469 3426 occurrit
481 3362 598 3425 tamen
622 3354 760 3425 nemini.
782 3354 904 3425 Subito
918 3360 1015 3425 notat
1044 3376 1080 3425 se
1105 3355 1141 3426 in
1166 3357 1323 3429 semitam

321 3473 509 3558 ingressam
523 3493 609 3554 esse,
624 3493 728 3555 quam
743 3478 847 3542 antea
861 3493 1039 3555 nunquam
1055 3473 1200 3546 viderat.

405 3589 510 3660 “Haec
524 3595 617 3659 certe
632 3588 676 3660 ad
690 3596 830 3660 antrum
858 3588 953 3658 ducit
968 3588 1060 3673 quod
1074 3589 1110 3660 in
1124 3591 1255 3662 somnio
1276 3593 1325 3662 vi·

322 3709 388 3792 di,''
402 3706 586 3790 cogitabat,
600 3712 638 3776 et
651 3727 755 3790 quam
772 3712 907 3789 poterat
922 3707 959 3776 in
973 3729 1013 3777 ea
1037 3707 1197 3778 deorsum
1221 3710 1341 3793 celer,

323 3825 408 3896 rime
421 3823 539 3895 currit.

406 3941 469 4024 Ita,
481 3941 646 4024 profecto,
661 3938 707 4009 ibi
721 3939 904 4010 videbatur
918 3946 1068 4024 antrum,
1079 3948 1218 4012 vastum
1231 3943 1324 4014 exhi·

321 4059 406 4130 bens
419 4058 577 4128 foramen
590 4056 627 4126 in
641 4057 747 4126 latere
762 4055 897 4126 tumuli.

405 4175 534 4257 Erepta
548 4175 623 4244 tace
637 4195 657 4244 e
673 4193 778 4242 manu
793 4171 897 4243 unius
917 4177 1123 4258 statuarum,
1146 4174 1250 4246 huius
1272 4177 1323 4248 lu·
