<?xml version="1.0" encoding="UTF-8"?>
<!DOCTYPE html PUBLIC "-//W3C//DTD XHTML 1.0 Transitional//EN"
    "http://www.w3.org/TR/xhtml1/DTD/xhtml1-transitional.dtd">
<html xmlns="http://www.w3.org/1999/xhtml" xml:lang="en" lang="en">
 <head>
  <title>
</title>
<meta http-equiv="Content-Type" content="text/html;charset=utf-8" />
  <meta name='ocr-system' content='tesseract 3.04.00' />
  <meta name='ocr-capabilities' content='ocr_page ocr_carea ocr_par ocr_line ocrx_word'/>
</head>
<body>
  <div class='ocr_page' id='page_1' title='image "./fabuldivalesexn00apulgoog_0203.png"; bbox 0 0 3540 5156; ppageno 0'>
   <div class='ocr_carea' id='block_1_1' title="bbox 438 893 1102 962">
    <p class='ocr_par' dir='ltr' id='par_1_1' title="bbox 438 893 1102 962">
     <span class='ocr_line' id='line_1_1' title="bbox 438 893 1102 962; baseline -0.003 -1"><span class='ocrx_word' id='word_1_1' title='bbox 438 893 500 962; x_wconf 87' lang='lat'>192</span> <span class='ocrx_word' id='word_1_2' title='bbox 770 907 875 961; x_wconf 78' lang='lat' dir='ltr'>nuon</span> <span class='ocrx_word' id='word_1_3' title='bbox 896 907 941 960; x_wconf 83' lang='lat' dir='ltr'>ar</span> <span class='ocrx_word' id='word_1_4' title='bbox 962 907 1102 962; x_wconf 76' lang='lat' dir='ltr'>Psrcrm</span> 
     </span>
    </p>
   </div>
   <div class='ocr_carea' id='block_1_2' title="bbox 434 1073 1439 3616">
    <p class='ocr_par' dir='ltr' id='par_1_2' title="bbox 436 1073 1438 1497">
     <span class='ocr_line' id='line_1_2' title="bbox 436 1073 1435 1159; baseline -0.002 -14"><span class='ocrx_word' id='word_1_5' title='bbox 436 1075 555 1158; x_wconf 89' lang='lat' dir='ltr'>derim,</span> <span class='ocrx_word' id='word_1_6' title='bbox 584 1097 693 1159; x_wconf 88' lang='lat' dir='ltr'>quum</span> <span class='ocrx_word' id='word_1_7' title='bbox 720 1075 794 1146; x_wconf 90' lang='lat' dir='ltr'>eius</span> <span class='ocrx_word' id='word_1_8' title='bbox 823 1096 946 1156; x_wconf 90' lang='lat' dir='ltr'>comas,</span> <span class='ocrx_word' id='word_1_9' title='bbox 971 1095 1057 1157; x_wconf 88' lang='lat' dir='ltr'>quas</span> <span class='ocrx_word' id='word_1_10' title='bbox 1079 1073 1154 1143; x_wconf 88' lang='lat' dir='ltr'>istis</span> <span class='ocrx_word' id='word_1_11' title='bbox 1178 1073 1337 1142; x_wconf 90' lang='lat' dir='ltr'>manibus</span> <span class='ocrx_word' id='word_1_12' title='bbox 1350 1073 1435 1144; x_wconf 89' lang='lat' dir='ltr'>meis</span> 
     </span>
     <span class='ocr_line' id='line_1_3' title="bbox 438 1190 1435 1276; baseline -0.003 -12"><span class='ocrx_word' id='word_1_13' title='bbox 438 1192 581 1264; x_wconf 85' lang='lat' dir='ltr'><strong>subinde</strong></span> <span class='ocrx_word' id='word_1_14' title='bbox 605 1215 710 1264; x_wconf 89' lang='lat' dir='ltr'>aureo</span> <span class='ocrx_word' id='word_1_15' title='bbox 735 1193 846 1262; x_wconf 92' lang='lat' dir='ltr'>nitore</span> <span class='ocrx_word' id='word_1_16' title='bbox 870 1192 1063 1276; x_wconf 81' lang='lat' dir='ltr'>perstrinxi,</span> <span class='ocrx_word' id='word_1_17' title='bbox 1079 1190 1273 1274; x_wconf 87' lang='lat' dir='ltr'>deraserim,</span> <span class='ocrx_word' id='word_1_18' title='bbox 1296 1213 1435 1274; x_wconf 84' lang='lat' dir='ltr'>pennas,</span> 
     </span>
     <span class='ocr_line' id='line_1_4' title="bbox 438 1307 1438 1394; baseline -0.001 -14"><span class='ocrx_word' id='word_1_19' title='bbox 438 1332 523 1394; x_wconf 84' lang='lat' dir='ltr'>quas</span> <span class='ocrx_word' id='word_1_20' title='bbox 536 1332 613 1380; x_wconf 88' lang='lat' dir='ltr'>meo</span> <span class='ocrx_word' id='word_1_21' title='bbox 626 1312 757 1394; x_wconf 81' lang='lat' dir='ltr'>gremio</span> <span class='ocrx_word' id='word_1_22' title='bbox 772 1309 923 1380; x_wconf 88' lang='lat' dir='ltr'>nectarei</span> <span class='ocrx_word' id='word_1_23' title='bbox 943 1309 1051 1378; x_wconf 82' lang='lat' dir='ltr'>fontis</span> <span class='ocrx_word' id='word_1_24' title='bbox 1074 1307 1187 1389; x_wconf 75' lang='lat' dir='ltr'>inieci,</span> <span class='ocrx_word' id='word_1_25' title='bbox 1211 1309 1438 1391; x_wconf 89' lang='lat' dir='ltr'>praetotonde·</span> 
     </span>
     <span class='ocr_line' id='line_1_5' title="bbox 438 1428 535 1497; baseline 0 -39"><span class='ocrx_word' id='word_1_26' title='bbox 438 1428 535 1497; x_wconf 52' lang='lat' dir='ltr'>rhu„</span> 
     </span>
    </p>

    <p class='ocr_par' dir='ltr' id='par_1_3' title="bbox 434 1542 1438 2083">
     <span class='ocr_line' id='line_1_6' title="bbox 520 1542 1437 1628; baseline 0 -13"><span class='ocrx_word' id='word_1_27' title='bbox 520 1544 575 1615; x_wconf 89' lang='lat' dir='ltr'>Sic</span> <span class='ocrx_word' id='word_1_28' title='bbox 599 1545 714 1627; x_wconf 87' lang='lat' dir='ltr'>effata,</span> <span class='ocrx_word' id='word_1_29' title='bbox 740 1551 775 1614; x_wconf 89' lang='lat' dir='ltr'>et</span> <span class='ocrx_word' id='word_1_30' title='bbox 800 1543 1012 1614; x_wconf 88' lang='lat' dir='ltr'>stomachata</span> <span class='ocrx_word' id='word_1_31' title='bbox 1034 1542 1119 1614; x_wconf 83' lang='lat' dir='ltr'>biles</span> <span class='ocrx_word' id='word_1_32' title='bbox 1140 1545 1322 1628; x_wconf 87' lang='lat' dir='ltr'>Venereas,</span> <span class='ocrx_word' id='word_1_33' title='bbox 1342 1546 1437 1615; x_wconf 83' lang='lat' dir='ltr'>foras</span> 
     </span>
     <span class='ocr_line' id='line_1_7' title="bbox 436 1661 1436 1745; baseline 0 -13"><span class='ocrx_word' id='word_1_34' title='bbox 436 1683 510 1732; x_wconf 88' lang='lat' dir='ltr'>sese</span> <span class='ocrx_word' id='word_1_35' title='bbox 525 1661 667 1745; x_wconf 84' lang='lat' dir='ltr'>proripit</span> <span class='ocrx_word' id='word_1_36' title='bbox 680 1661 817 1730; x_wconf 82' lang='lat' dir='ltr'>infesta.</span> <span class='ocrx_word' id='word_1_37' title='bbox 839 1661 906 1732; x_wconf 85' lang='lat' dir='ltr'>Sed</span> <span class='ocrx_word' id='word_1_38' title='bbox 921 1683 997 1731; x_wconf 89' lang='lat' dir='ltr'>eam</span> <span class='ocrx_word' id='word_1_39' title='bbox 1010 1661 1166 1744; x_wconf 88' lang='lat' dir='ltr'>protinus</span> <span class='ocrx_word' id='word_1_40' title='bbox 1181 1662 1284 1732; x_wconf 87' lang='lat' dir='ltr'>Ceres</span> <span class='ocrx_word' id='word_1_41' title='bbox 1296 1670 1332 1732; x_wconf 89' lang='lat' dir='ltr'>et</span> <span class='ocrx_word' id='word_1_42' title='bbox 1350 1663 1436 1732; x_wconf 88' lang='lat' dir='ltr'>Iuno</span> 
     </span>
     <span class='ocr_line' id='line_1_8' title="bbox 436 1778 1437 1863; baseline 0.003 -16"><span class='ocrx_word' id='word_1_43' title='bbox 436 1778 653 1860; x_wconf 85' lang='lat' dir='ltr'>comitantur,</span> <span class='ocrx_word' id='word_1_44' title='bbox 668 1778 845 1861; x_wconf 87' lang='lat' dir='ltr'>visamque</span> <span class='ocrx_word' id='word_1_45' title='bbox 860 1779 963 1848; x_wconf 92' lang='lat' dir='ltr'>vultu</span> <span class='ocrx_word' id='word_1_46' title='bbox 989 1779 1131 1862; x_wconf 91' lang='lat' dir='ltr'>tumido,</span> <span class='ocrx_word' id='word_1_47' title='bbox 1154 1780 1353 1863; x_wconf 86' lang='lat' dir='ltr'>quaesivere,</span> <span class='ocrx_word' id='word_1_48' title='bbox 1373 1801 1437 1850; x_wconf 90' lang='lat' dir='ltr'>cur</span> 
     </span>
     <span class='ocr_line' id='line_1_9' title="bbox 434 1895 1438 1978; baseline 0.001 -12"><span class='ocrx_word' id='word_1_49' title='bbox 434 1897 526 1966; x_wconf 88' lang='lat' dir='ltr'>truci</span> <span class='ocrx_word' id='word_1_50' title='bbox 540 1895 717 1978; x_wconf 89' lang='lat' dir='ltr'>supercilio</span> <span class='ocrx_word' id='word_1_51' title='bbox 732 1902 865 1964; x_wconf 88' lang='lat' dir='ltr'>tantam</span> <span class='ocrx_word' id='word_1_52' title='bbox 880 1903 1099 1965; x_wconf 74' lang='lat' dir='ltr'>venustatem</span> <span class='ocrx_word' id='word_1_53' title='bbox 1112 1895 1313 1966; x_wconf 88' lang='lat' dir='ltr'>micantium</span> <span class='ocrx_word' id='word_1_54' title='bbox 1328 1898 1438 1967; x_wconf 91' lang='lat' dir='ltr'>oculo·</span> 
     </span>
     <span class='ocr_line' id='line_1_10' title="bbox 437 2011 860 2083; baseline -0.005 -1"><span class='ocrx_word' id='word_1_55' title='bbox 437 2035 515 2083; x_wconf 88' lang='lat' dir='ltr'>rum</span> <span class='ocrx_word' id='word_1_56' title='bbox 531 2015 710 2081; x_wconf 78' lang='lat' dir='ltr'>coerceret.</span> <span class='ocrx_word' id='word_1_57' title='bbox 728 2013 773 2080; x_wconf 87' lang='lat' dir='ltr'>At</span> <span class='ocrx_word' id='word_1_58' title='bbox 786 2011 860 2080; x_wconf 88' lang='lat' dir='ltr'>illa:</span> 
     </span>
    </p>

    <p class='ocr_par' dir='ltr' id='par_1_4' title="bbox 436 2127 1439 2786">
     <span class='ocr_line' id='line_1_11' title="bbox 521 2127 1436 2212; baseline 0.001 -13"><span class='ocrx_word' id='word_1_59' title='bbox 521 2127 773 2212; x_wconf 75' lang='lat' dir='ltr'>“Opportune&#39;&#39;</span> <span class='ocrx_word' id='word_1_60' title='bbox 787 2128 910 2211; x_wconf 89' lang='lat' dir='ltr'>inquit,</span> <span class='ocrx_word' id='word_1_61' title='bbox 937 2127 1092 2199; x_wconf 85' lang='lat' dir='ltr'>“ardenti</span> <span class='ocrx_word' id='word_1_62' title='bbox 1117 2151 1257 2212; x_wconf 89' lang='lat' dir='ltr'>prorsus</span> <span class='ocrx_word' id='word_1_63' title='bbox 1282 2131 1338 2200; x_wconf 86' lang='lat' dir='ltr'>isti</span> <span class='ocrx_word' id='word_1_64' title='bbox 1360 2152 1436 2201; x_wconf 91' lang='lat' dir='ltr'>meo</span> 
     </span>
     <span class='ocr_line' id='line_1_12' title="bbox 436 2245 1437 2331; baseline 0.002 -15"><span class='ocrx_word' id='word_1_65' title='bbox 436 2247 564 2331; x_wconf 86' lang='lat' dir='ltr'>pectori</span> <span class='ocrx_word' id='word_1_66' title='bbox 579 2246 774 2316; x_wconf 90' lang='lat' dir='ltr'>violentiam</span> <span class='ocrx_word' id='word_1_67' title='bbox 790 2245 916 2316; x_wconf 91' lang='lat' dir='ltr'>scilicet</span> <span class='ocrx_word' id='word_1_68' title='bbox 941 2253 1190 2330; x_wconf 76' lang='lat' dir='ltr'>perpetraturae</span> <span class='ocrx_word' id='word_1_69' title='bbox 1216 2248 1349 2317; x_wconf 90' lang='lat' dir='ltr'>venitis.</span> <span class='ocrx_word' id='word_1_70' title='bbox 1371 2246 1437 2318; x_wconf 87' lang='lat' dir='ltr'>Sed</span> 
     </span>
     <span class='ocr_line' id='line_1_13' title="bbox 436 2361 1436 2448; baseline 0 -14"><span class='ocrx_word' id='word_1_71' title='bbox 436 2364 528 2446; x_wconf 88' lang='lat' dir='ltr'>totis,</span> <span class='ocrx_word' id='word_1_72' title='bbox 543 2384 612 2446; x_wconf 91' lang='lat' dir='ltr'>oro,</span> <span class='ocrx_word' id='word_1_73' title='bbox 627 2362 752 2432; x_wconf 88' lang='lat' dir='ltr'>vestris</span> <span class='ocrx_word' id='word_1_74' title='bbox 776 2361 908 2432; x_wconf 87' lang='lat' dir='ltr'>viribus</span> <span class='ocrx_word' id='word_1_75' title='bbox 933 2363 1099 2446; x_wconf 89' lang='lat' dir='ltr'>Psychem</span> <span class='ocrx_word' id='word_1_76' title='bbox 1124 2363 1216 2433; x_wconf 89' lang='lat' dir='ltr'>illam</span> <span class='ocrx_word' id='word_1_77' title='bbox 1239 2364 1436 2448; x_wconf 75' lang='lat' dir='ltr'>fugitivam,</span> 
     </span>
     <span class='ocr_line' id='line_1_14' title="bbox 438 2479 1439 2564; baseline 0 -13"><span class='ocrx_word' id='word_1_78' title='bbox 438 2482 628 2562; x_wconf 88' lang='lat' dir='ltr'>volaticam,</span> <span class='ocrx_word' id='word_1_79' title='bbox 641 2479 725 2548; x_wconf 92' lang='lat' dir='ltr'>mihi</span> <span class='ocrx_word' id='word_1_80' title='bbox 739 2479 913 2563; x_wconf 88' lang='lat' dir='ltr'>requirite.</span> <span class='ocrx_word' id='word_1_81' title='bbox 940 2480 1012 2549; x_wconf 90' lang='lat' dir='ltr'>Nec</span> <span class='ocrx_word' id='word_1_82' title='bbox 1036 2479 1127 2549; x_wconf 90' lang='lat' dir='ltr'>enim</span> <span class='ocrx_word' id='word_1_83' title='bbox 1151 2502 1213 2549; x_wconf 92' lang='lat' dir='ltr'>vos</span> <span class='ocrx_word' id='word_1_84' title='bbox 1237 2481 1358 2564; x_wconf 84' lang='lat' dir='ltr'>utique</span> <span class='ocrx_word' id='word_1_85' title='bbox 1382 2481 1439 2551; x_wconf 94' lang='lat' dir='ltr'>do-</span> 
     </span>
     <span class='ocr_line' id='line_1_15' title="bbox 438 2596 1438 2678; baseline 0.002 -12"><span class='ocrx_word' id='word_1_86' title='bbox 438 2601 516 2668; x_wconf 83' lang='lat' dir='ltr'>nnis</span> <span class='ocrx_word' id='word_1_87' title='bbox 526 2597 753 2667; x_wconf 84' lang='lat' dir='ltr'>meaefamosa</span> <span class='ocrx_word' id='word_1_88' title='bbox 760 2596 890 2678; x_wconf 89' lang='lat' dir='ltr'>fabula,</span> <span class='ocrx_word' id='word_1_89' title='bbox 900 2603 936 2666; x_wconf 89' lang='lat' dir='ltr'>et</span> <span class='ocrx_word' id='word_1_90' title='bbox 944 2618 1012 2664; x_wconf 92' lang='lat' dir='ltr'>non</span> <span class='ocrx_word' id='word_1_91' title='bbox 1024 2596 1154 2666; x_wconf 88' lang='lat' dir='ltr'>dicendi</span> <span class='ocrx_word' id='word_1_92' title='bbox 1162 2596 1221 2666; x_wconf 91' lang='lat' dir='ltr'>filii</span> <span class='ocrx_word' id='word_1_93' title='bbox 1229 2597 1297 2666; x_wconf 91' lang='lat' dir='ltr'>mei</span> <span class='ocrx_word' id='word_1_94' title='bbox 1304 2598 1438 2668; x_wconf 82' lang='lat' dir='ltr'>factum</span> 
     </span>
     <span class='ocr_line' id='line_1_16' title="bbox 438 2715 634 2786; baseline -0.015 0"><span class='ocrx_word' id='word_1_95' title='bbox 438 2715 634 2786; x_wconf 88' lang='lat' dir='ltr'>latuerint.”</span> 
     </span>
    </p>

    <p class='ocr_par' dir='ltr' id='par_1_5' title="bbox 436 2830 1439 3022">
     <span class='ocr_line' id='line_1_17' title="bbox 519 2830 1439 2914; baseline 0.001 -12"><span class='ocrx_word' id='word_1_96' title='bbox 519 2833 618 2902; x_wconf 91' lang='lat' dir='ltr'>Tunc</span> <span class='ocrx_word' id='word_1_97' title='bbox 631 2831 697 2901; x_wconf 90' lang='lat' dir='ltr'>illae</span> <span class='ocrx_word' id='word_1_98' title='bbox 710 2830 840 2914; x_wconf 80' lang='lat' dir='ltr'>ignarae</span> <span class='ocrx_word' id='word_1_99' title='bbox 853 2853 932 2914; x_wconf 87' lang='lat' dir='ltr'>quae</span> <span class='ocrx_word' id='word_1_100' title='bbox 946 2837 1045 2914; x_wconf 81' lang='lat' dir='ltr'>gesta</span> <span class='ocrx_word' id='word_1_101' title='bbox 1065 2837 1156 2913; x_wconf 89' lang='lat' dir='ltr'>sunt,</span> <span class='ocrx_word' id='word_1_102' title='bbox 1176 2832 1315 2914; x_wconf 87' lang='lat' dir='ltr'>palpare</span> <span class='ocrx_word' id='word_1_103' title='bbox 1330 2833 1439 2903; x_wconf 88' lang='lat' dir='ltr'>Vene-</span> 
     </span>
     <span class='ocr_line' id='line_1_18' title="bbox 436 2947 1018 3022; baseline -0.01 0"><span class='ocrx_word' id='word_1_104' title='bbox 436 2953 483 3022; x_wconf 86' lang='lat' dir='ltr'>ris</span> <span class='ocrx_word' id='word_1_105' title='bbox 497 2951 583 3020; x_wconf 89' lang='lat' dir='ltr'>iram</span> <span class='ocrx_word' id='word_1_106' title='bbox 598 2949 797 3018; x_wconf 83' lang='lat' dir='ltr'>saevientem</span> <span class='ocrx_word' id='word_1_107' title='bbox 810 2949 858 3018; x_wconf 89' lang='lat' dir='ltr'>sic</span> <span class='ocrx_word' id='word_1_108' title='bbox 871 2947 1018 3018; x_wconf 88' lang='lat' dir='ltr'>adortae:</span> 
     </span>
    </p>

    <p class='ocr_par' dir='ltr' id='par_1_6' title="bbox 435 3065 1439 3616">
     <span class='ocr_line' id='line_1_19' title="bbox 520 3065 1438 3150; baseline -0.001 -12"><span class='ocrx_word' id='word_1_109' title='bbox 520 3066 630 3150; x_wconf 83' lang='lat' dir='ltr'>“Quid</span> <span class='ocrx_word' id='word_1_110' title='bbox 647 3067 725 3149; x_wconf 88' lang='lat' dir='ltr'>tale,</span> <span class='ocrx_word' id='word_1_111' title='bbox 740 3067 893 3149; x_wconf 90' lang='lat' dir='ltr'>Domina,</span> <span class='ocrx_word' id='word_1_112' title='bbox 909 3066 1052 3149; x_wconf 85' lang='lat' dir='ltr'>deliquit</span> <span class='ocrx_word' id='word_1_113' title='bbox 1065 3072 1149 3136; x_wconf 87' lang='lat' dir='ltr'>tuus</span> <span class='ocrx_word' id='word_1_114' title='bbox 1162 3065 1260 3148; x_wconf 87' lang='lat' dir='ltr'>filius,</span> <span class='ocrx_word' id='word_1_115' title='bbox 1275 3073 1316 3136; x_wconf 91' lang='lat' dir='ltr'>ut</span> <span class='ocrx_word' id='word_1_116' title='bbox 1325 3067 1438 3137; x_wconf 92' lang='lat' dir='ltr'>animo</span> 
     </span>
     <span class='ocr_line' id='line_1_20' title="bbox 435 3183 1438 3271; baseline -0.001 -16"><span class='ocrx_word' id='word_1_117' title='bbox 435 3185 602 3271; x_wconf 86' lang='lat' dir='ltr'>pervicaci</span> <span class='ocrx_word' id='word_1_118' title='bbox 616 3185 813 3267; x_wconf 89' lang='lat' dir='ltr'>voluptates</span> <span class='ocrx_word' id='word_1_119' title='bbox 827 3184 901 3254; x_wconf 87' lang='lat' dir='ltr'>eius</span> <span class='ocrx_word' id='word_1_120' title='bbox 926 3184 1109 3266; x_wconf 84' lang='lat' dir='ltr'>impugnas</span> <span class='ocrx_word' id='word_1_121' title='bbox 1117 3204 1126 3264; x_wconf 93' lang='lat'>;</span> <span class='ocrx_word' id='word_1_122' title='bbox 1149 3189 1184 3252; x_wconf 88' lang='lat' dir='ltr'>et</span> <span class='ocrx_word' id='word_1_123' title='bbox 1199 3203 1304 3266; x_wconf 85' lang='lat' dir='ltr'>quarn</span> <span class='ocrx_word' id='word_1_124' title='bbox 1320 3183 1375 3253; x_wconf 91' lang='lat' dir='ltr'>ille</span> <span class='ocrx_word' id='word_1_125' title='bbox 1389 3184 1438 3254; x_wconf 92' lang='lat' dir='ltr'>di·</span> 
     </span>
     <span class='ocr_line' id='line_1_21' title="bbox 435 3279 1438 3387; baseline -0.001 -14"><span class='ocrx_word' id='word_1_126' title='bbox 435 3279 520 3387; x_wconf 65' lang='lat' dir='ltr'>liiit,</span> <span class='ocrx_word' id='word_1_127' title='bbox 536 3310 576 3372; x_wconf 92' lang='lat' dir='ltr'>tu</span> <span class='ocrx_word' id='word_1_128' title='bbox 592 3323 728 3386; x_wconf 87' lang='lat' dir='ltr'>quoque</span> <span class='ocrx_word' id='word_1_129' title='bbox 742 3300 884 3385; x_wconf 87' lang='lat' dir='ltr'>perdere</span> <span class='ocrx_word' id='word_1_130' title='bbox 898 3301 1041 3384; x_wconf 77' lang='lat' dir='ltr'>gestias?</span> <span class='ocrx_word' id='word_1_131' title='bbox 1064 3299 1163 3384; x_wconf 88' lang='lat' dir='ltr'>Quod</span> <span class='ocrx_word' id='word_1_132' title='bbox 1184 3307 1301 3370; x_wconf 89' lang='lat' dir='ltr'>autem</span> <span class='ocrx_word' id='word_1_133' title='bbox 1315 3301 1438 3372; x_wconf 84' lang='lat' dir='ltr'>damus</span> 
     </span>
     <span class='ocr_line' id='line_1_22' title="bbox 435 3417 1439 3502; baseline -0.002 -12"><span class='ocrx_word' id='word_1_134' title='bbox 435 3421 492 3490; x_wconf 80' lang='lat' dir='ltr'>isti</span> <span class='ocrx_word' id='word_1_135' title='bbox 507 3420 644 3500; x_wconf 90' lang='lat' dir='ltr'>crimen,</span> <span class='ocrx_word' id='word_1_136' title='bbox 661 3419 688 3487; x_wconf 92' lang='lat' dir='ltr'>si</span> <span class='ocrx_word' id='word_1_137' title='bbox 703 3419 826 3501; x_wconf 90' lang='lat' dir='ltr'>puellae</span> <span class='ocrx_word' id='word_1_138' title='bbox 840 3418 962 3500; x_wconf 89' lang='lat' dir='ltr'>lepidae</span> <span class='ocrx_word' id='word_1_139' title='bbox 975 3418 1120 3488; x_wconf 90' lang='lat' dir='ltr'>libenter</span> <span class='ocrx_word' id='word_1_140' title='bbox 1134 3417 1269 3488; x_wconf 78' lang='lat' dir='ltr'>arrisit?</span> <span class='ocrx_word' id='word_1_141' title='bbox 1279 3418 1334 3488; x_wconf 89' lang='lat' dir='ltr'>An</span> <span class='ocrx_word' id='word_1_142' title='bbox 1345 3419 1439 3502; x_wconf 84' lang='lat' dir='ltr'>igno·</span> 
     </span>
     <span class='ocr_line' id='line_1_23' title="bbox 436 3535 1437 3616; baseline -0.002 -9"><span class='ocrx_word' id='word_1_143' title='bbox 436 3558 493 3607; x_wconf 85' lang='lat' dir='ltr'>ras</span> <span class='ocrx_word' id='word_1_144' title='bbox 515 3557 595 3606; x_wconf 90' lang='lat' dir='ltr'>eum</span> <span class='ocrx_word' id='word_1_145' title='bbox 617 3535 807 3604; x_wconf 88' lang='lat' dir='ltr'>masculum</span> <span class='ocrx_word' id='word_1_146' title='bbox 829 3543 864 3604; x_wconf 90' lang='lat' dir='ltr'>et</span> <span class='ocrx_word' id='word_1_147' title='bbox 887 3535 1048 3604; x_wconf 90' lang='lat' dir='ltr'>iuvenem</span> <span class='ocrx_word' id='word_1_148' title='bbox 1070 3555 1153 3616; x_wconf 87' lang='lat' dir='ltr'>esse,</span> <span class='ocrx_word' id='word_1_149' title='bbox 1176 3535 1232 3604; x_wconf 95' lang='lat' dir='ltr'>vel</span> <span class='ocrx_word' id='word_1_150' title='bbox 1254 3541 1347 3604; x_wconf 88' lang='lat' dir='ltr'>certe</span> <span class='ocrx_word' id='word_1_151' title='bbox 1368 3535 1437 3605; x_wconf 87' lang='lat' dir='ltr'>iam</span> 
     </span>
    </p>
   </div>
   <div class='ocr_carea' id='block_1_3' title="bbox 434 3651 1440 4204">
    <p class='ocr_par' dir='ltr' id='par_1_7' title="bbox 434 3651 1440 4204">
     <span class='ocr_line' id='line_1_24' title="bbox 437 3651 1437 3739; baseline 0 -15"><span class='ocrx_word' id='word_1_152' title='bbox 437 3661 523 3739; x_wconf 90' lang='lat' dir='ltr'>quot</span> <span class='ocrx_word' id='word_1_153' title='bbox 537 3655 583 3722; x_wconf 87' lang='lat' dir='ltr'>sit</span> <span class='ocrx_word' id='word_1_154' title='bbox 597 3673 775 3734; x_wconf 89' lang='lat' dir='ltr'>armorum,</span> <span class='ocrx_word' id='word_1_155' title='bbox 790 3652 895 3722; x_wconf 87' lang='lat' dir='ltr'>oblita</span> <span class='ocrx_word' id='word_1_156' title='bbox 909 3651 963 3722; x_wconf 85' lang='lat' dir='ltr'>es&#39;l</span> <span class='ocrx_word' id='word_1_157' title='bbox 978 3651 1033 3721; x_wconf 88' lang='lat' dir='ltr'>An</span> <span class='ocrx_word' id='word_1_158' title='bbox 1048 3651 1140 3736; x_wconf 88' lang='lat' dir='ltr'>quod</span> <span class='ocrx_word' id='word_1_159' title='bbox 1156 3658 1295 3721; x_wconf 87' lang='lat' dir='ltr'>aetatem</span> <span class='ocrx_word' id='word_1_160' title='bbox 1321 3659 1437 3735; x_wconf 89' lang='lat' dir='ltr'>portat</span> 
     </span>
     <span class='ocr_line' id='line_1_25' title="bbox 434 3768 1439 3853; baseline -0.003 -10"><span class='ocrx_word' id='word_1_161' title='bbox 434 3771 568 3852; x_wconf 90' lang='lat' dir='ltr'>bellule,</span> <span class='ocrx_word' id='word_1_162' title='bbox 584 3790 672 3853; x_wconf 90' lang='lat' dir='ltr'>puer</span> <span class='ocrx_word' id='word_1_163' title='bbox 685 3769 747 3839; x_wconf 86' lang='lat' dir='ltr'>tibi</span> <span class='ocrx_word' id='word_1_164' title='bbox 762 3790 898 3852; x_wconf 87' lang='lat' dir='ltr'>semper</span> <span class='ocrx_word' id='word_1_165' title='bbox 911 3768 1071 3839; x_wconf 80' lang='lat' dir='ltr'>videtur?</span> <span class='ocrx_word' id='word_1_166' title='bbox 1083 3768 1194 3838; x_wconf 89' lang='lat' dir='ltr'>Mater</span> <span class='ocrx_word' id='word_1_167' title='bbox 1205 3775 1322 3838; x_wconf 90' lang='lat' dir='ltr'>autem</span> <span class='ocrx_word' id='word_1_168' title='bbox 1336 3775 1387 3853; x_wconf 90' lang='lat' dir='ltr'>tu,</span> <span class='ocrx_word' id='word_1_169' title='bbox 1402 3778 1439 3840; x_wconf 89' lang='lat' dir='ltr'>et</span> 
     </span>
     <span class='ocr_line' id='line_1_26' title="bbox 436 3885 1438 3974; baseline -0.002 -16"><span class='ocrx_word' id='word_1_170' title='bbox 436 3896 604 3974; x_wconf 86' lang='lat' dir='ltr'>praeterea</span> <span class='ocrx_word' id='word_1_171' title='bbox 618 3885 757 3956; x_wconf 90' lang='lat' dir='ltr'>cordata</span> <span class='ocrx_word' id='word_1_172' title='bbox 767 3886 900 3964; x_wconf 82' lang='lat' dir='ltr'>mulier,</span> <span class='ocrx_word' id='word_1_173' title='bbox 925 3885 985 3955; x_wconf 92' lang='lat' dir='ltr'>filii</span> <span class='ocrx_word' id='word_1_174' title='bbox 1000 3885 1051 3955; x_wconf 92' lang='lat' dir='ltr'>tui</span> <span class='ocrx_word' id='word_1_175' title='bbox 1066 3885 1162 3956; x_wconf 88' lang='lat' dir='ltr'>lusus</span> <span class='ocrx_word' id='word_1_176' title='bbox 1176 3906 1310 3969; x_wconf 90' lang='lat' dir='ltr'>semper</span> <span class='ocrx_word' id='word_1_177' title='bbox 1325 3887 1438 3970; x_wconf 89' lang='lat' dir='ltr'>explo-</span> 
     </span>
     <span class='ocr_line' id='line_1_27' title="bbox 436 4002 1440 4087; baseline -0.002 -11"><span class='ocrx_word' id='word_1_178' title='bbox 436 4006 527 4077; x_wconf 91' lang='lat' dir='ltr'>rabis</span> <span class='ocrx_word' id='word_1_179' title='bbox 547 4004 688 4086; x_wconf 89' lang='lat' dir='ltr'>curiose,</span> <span class='ocrx_word' id='word_1_180' title='bbox 703 4003 790 4074; x_wconf 90' lang='lat' dir='ltr'>etin</span> <span class='ocrx_word' id='word_1_181' title='bbox 805 4025 846 4074; x_wconf 89' lang='lat' dir='ltr'>eo</span> <span class='ocrx_word' id='word_1_182' title='bbox 866 4002 1037 4074; x_wconf 81' lang='lat' dir='ltr'>luxuriem</span> <span class='ocrx_word' id='word_1_183' title='bbox 1061 4003 1224 4087; x_wconf 90' lang='lat' dir='ltr'>culpabis,</span> <span class='ocrx_word' id='word_1_184' title='bbox 1250 4009 1286 4072; x_wconf 90' lang='lat' dir='ltr'>et</span> <span class='ocrx_word' id='word_1_185' title='bbox 1306 4023 1440 4075; x_wconf 88' lang='lat' dir='ltr'>amores</span> 
     </span>
     <span class='ocr_line' id='line_1_28' title="bbox 438 4118 1439 4204; baseline -0.002 -10"><span class='ocrx_word' id='word_1_186' title='bbox 438 4123 603 4204; x_wconf 83' lang='lat' dir='ltr'>revinces,</span> <span class='ocrx_word' id='word_1_187' title='bbox 627 4127 664 4192; x_wconf 89' lang='lat' dir='ltr'>et</span> <span class='ocrx_word' id='word_1_188' title='bbox 688 4127 767 4191; x_wconf 85' lang='lat' dir='ltr'>tuas</span> <span class='ocrx_word' id='word_1_189' title='bbox 792 4127 893 4204; x_wconf 84' lang='lat' dir='ltr'>artes,</span> <span class='ocrx_word' id='word_1_190' title='bbox 918 4127 1067 4204; x_wconf 85' lang='lat' dir='ltr'>tuasque</span> <span class='ocrx_word' id='word_1_191' title='bbox 1081 4118 1213 4190; x_wconf 79' lang='lat' dir='ltr'>delitias</span> <span class='ocrx_word' id='word_1_192' title='bbox 1232 4119 1269 4188; x_wconf 92' lang='lat' dir='ltr'>in</span> <span class='ocrx_word' id='word_1_193' title='bbox 1288 4119 1439 4192; x_wconf 81' lang='lat' dir='ltr'>formoso</span> 
     </span>
    </p>
   </div>
   <div class='ocr_carea' id='block_1_4' title="bbox 0 0 1774 5156">
    <p class='ocr_par' dir='ltr' id='par_1_8' title="bbox 0 0 1774 5156">
     <span class='ocr_line' id='line_1_29' title="bbox 0 0 1774 5156; baseline 0 0"><span class='ocrx_word' id='word_1_194' title='bbox 0 0 1774 5156; x_wconf 95' lang='lat' dir='ltr'> </span> 
     </span>
    </p>
   </div>
  </div>
 </body>
</html>
