3554 5156
738 982 948 1036 anonoorvu
1285 969 1346 1038 149

344 1149 495 1232 aliosque
509 1149 643 1232 legerit,
658 1157 694 1218 et
709 1156 825 1220 tamen
840 1151 955 1220 nullus
967 1150 1040 1220 sive
1065 1173 1184 1234 unum,
1208 1151 1281 1222 sive
1302 1154 1348 1224 al-

346 1273 460 1338 terum
480 1266 636 1336 imitatus
660 1273 722 1336 est.
754 1267 853 1348 Quod
875 1267 981 1351 aliqui
1007 1271 1168 1350 oasaotio,
1192 1271 1342 1352 fabrico,

346 1386 514 1465 latomus,
545 1385 668 1464 radiae,
699 1387 820 1468 boquea
850 1385 983 1467 aliaque
1013 1385 1160 1468 idgenus
1188 1387 1348 1472 scribant,

345 1522 426 1584 quae
440 1501 565 1572 nostris
576 1502 809 1584 grammaticis
824 1510 1028 1585 repugnant,
1044 1525 1113 1572 non
1127 1503 1270 1574 inscitiae
1285 1513 1349 1588 est,

345 1619 406 1689 sed
421 1618 536 1702 potius
550 1618 649 1688 docet
662 1640 725 1688 nos
739 1618 911 1689 Romanos
924 1620 1027 1688 etiam
1042 1621 1091 1690 ita
1105 1620 1215 1691 dicere
1224 1630 1260 1691 et
1270 1623 1350 1693 scri·

346 1737 427 1808 bere
442 1737 568 1818 solitos,
583 1758 646 1806 nec
661 1743 832 1819 praecepta
845 1737 1080 1819 grammaticae
1095 1745 1167 1807 tam
1183 1737 1291 1809 tuisse
1306 1741 1350 1810 ri-

344 1854 426 1938 gida
440 1861 476 1924 et
490 1853 703 1934 inflexibilia';
726 1861 890 1936 attamen,
908 1855 1006 1934 Quod
1022 1856 1101 1924 licet
1114 1857 1199 1937 Ioui,
1219 1879 1290 1926 oon
1305 1859 1347 1927 li·

344 1981 397 2043 cat
411 1973 497 2042 bovi.

431 2089 550 2172 Longe
565 2089 673 2158 maior
695 2109 774 2171 pars
797 2088 1027 2158 Romanarum
1049 2090 1241 2160 litterarum
1264 2098 1350 2162 tem·

342 2229 466 2292 porum
480 2206 604 2276 iniuria
618 2205 800 2289 intercidit,
813 2205 863 2275 ita
877 2213 917 2276 ut
931 2206 1032 2276 modo
1057 2206 1255 2290 fragmenta
1269 2215 1343 2278 tan·

343 2332 422 2396 tum
437 2324 618 2408 supersint.
634 2322 686 2393 Ex
701 2323 754 2392 his
767 2323 927 2407 philologi
948 2322 1122 2393 laboribus
1145 2325 1348 2395 saeculorum

343 2443 481 2526 singula
494 2441 670 2524 vocabula,
684 2440 873 2510 secundum
888 2448 1008 2510 aetates
1022 2441 1225 2524 scriptorum
1240 2442 1351 2526 dispo·

343 2567 499 2642 suerunt,
515 2580 555 2629 ac
570 2581 631 2642 per
646 2565 785 2642 etymon
800 2556 835 2627 in
850 2559 973 2628 classes
996 2565 1031 2628 et
1054 2565 1176 2629 aetates
1201 2559 1348 2642 digesse-

346 2684 439 2748 runt.
455 2675 552 2746 Docti
567 2675 603 2744 hi
618 2675 750 2745 labores
764 2675 891 2745 multos
906 2675 1049 2757 criticos,
1072 2675 1187 2746 minus
1211 2677 1349 2760 peritos,

344 2795 381 2865 in
397 2794 497 2864 devia
511 2793 739 2874 deduxerunt,
766 2791 893 2875 quippe
907 2791 966 2875 qui
980 2799 1016 2861 et
1031 2792 1094 2874 ipsi
1109 2793 1297 2876 crederent,
1313 2801 1349 2864 et

344 2911 420 2982 aliis
430 2909 635 2994 persuadere
644 2915 861 2989 conarentur,
872 2908 979 2991 ipsam
991 2908 1145 2992 linguam
1161 2910 1349 2980 Romanam

345 3029 396 3098 ita
416 3028 452 3097 in
466 3025 789 3107 “ante-classicam,’'
816 3025 1040 3108 “classicam'’
1065 3032 1101 3096 et
1126 3025 1350 3110 “post-classi·

344 3145 443 3216 cam”
466 3144 588 3226 dirimi,
604 3150 644 3212 ut
659 3143 745 3225 siqui
771 3142 870 3212 hodie
885 3141 1007 3212 Latine
1032 3143 1265 3226 loquerentur,
1286 3151 1349 3214 aut

344 3263 542 3342 scriberent,
558 3259 631 3330 haec
646 3260 723 3342 tria,
738 3265 801 3328 aut
814 3259 913 3342 plura
927 3260 1104 3330 idiomata
1118 3260 1216 3343 quasi
1231 3261 1334 3331 misce

344 3385 424 3450 rent
437 3386 542 3461 atque
556 3376 817 3456 confunderent,
837 3375 963 3445 scilicet
976 3377 1156 3459 quadrato
1170 3379 1344 3448 rotundis.

344 3495 517 3580 Quidnam
532 3515 553 3562 a
567 3513 669 3562 sensu
682 3493 865 3574 communi,
879 3492 961 3575 quid
983 3514 1004 3562 a
1028 3515 1112 3563 vero
1137 3515 1210 3564 esse
1233 3501 1348 3576 posset

345 3611 456 3696 magis
469 3611 640 3681 alienum?
661 3610 733 3680 lam
748 3609 889 3680 SENECA
903 3631 982 3680 suos
997 3609 1147 3693 aequales
1160 3610 1348 3680 monendos

342 3728 527 3799 iudicavit:
552 3729 677 3798 Oratio
688 3735 824 3796 certam
839 3729 998 3809 rapulam
1020 3749 1091 3796 noa
1106 3729 1230 3810 babet,
1260 3729 1347 3798 Con·

342 3846 490 3916 arcetudo
504 3867 583 3914 eam
597 3845 766 3924 cirdtotio,
787 3867 861 3927 quaa
876 3867 1058 3927 auoqacom
1084 3847 1126 3914 io
1150 3845 1267 3914 eodem
1282 3844 1346 3914 diu

344 3964 452 4045 stetit,
470 3970 588 4032 uersat
608 3960 729 4045 (Epist.
747 3963 840 4040 104).
862 3961 966 4031 Nulla
989 3959 1098 4044 igitur
1110 3959 1241 4032 stabilis
1254 3967 1290 4030 et
1304 3961 1345 4030 ri·

343 4079 427 4164 gida
440 4099 561 4150 norma
575 4077 719 4148 orationi
733 4077 905 4161 praestitui
927 4084 1050 4161 potest,
1072 4077 1284 4149 consuetudo
1305 4099 1348 4148 ea

345 4195 518 4268 utentium
542 4195 678 4278 linguas
700 4202 836 4279 regunt.
866 4193 980 4266 Verba
1001 4194 1225 4277 obsolescunt,
1254 4215 1346 4265 nova
