3522 5156
452 926 493 994 14
765 935 936 992 LUCERNA
961 936 1137 992 ALADDINI

448 1117 593 1191 tumque
607 1102 765 1177 Aladdini
779 1106 842 1175 suo
862 1103 965 1175 turba
989 1105 1258 1190 compleverunt,
1284 1115 1321 1179 et
1341 1129 1449 1192 quum

448 1232 559 1296 mater
573 1223 716 1294 domum
732 1221 919 1304 redivisset,
946 1227 1089 1306 stupens
1114 1228 1249 1294 tantam
1272 1225 1450 1297 hominum

448 1339 681 1426 frequentiam
695 1338 836 1408 domum
850 1359 949 1409 suam
964 1337 1093 1421 stipare
1108 1338 1231 1411 mirata
1246 1347 1309 1412 est.

532 1457 632 1528 “Mea
645 1455 787 1538 mater,”
801 1455 849 1525 sic
863 1455 962 1526 tatur
976 1455 1176 1540 Aladdinus,
1193 1455 1302 1540 “vide
1316 1458 1450 1543 amabo,

449 1585 490 1650 ut
504 1576 595 1646 dona
608 1595 685 1644 mea
699 1573 743 1643 ad
758 1571 939 1644 sultanum
954 1571 1100 1656 deferas,
1124 1581 1311 1658 antequam
1335 1576 1450 1648 Consi·

448 1695 532 1767 lium
547 1691 695 1775 Regium
709 1689 936 1772 dimittatur,”
949 1696 987 1759 et
1000 1691 1182 1761 confestim
1203 1713 1320 1763 servos
1342 1693 1378 1763 in
1399 1715 1452 1764 or·

448 1811 527 1883 dine
541 1807 676 1894 prodire
690 1807 791 1878 iussit
805 1841 846 1852 -
859 1813 901 1877 ut
915 1828 1087 1890 quemque
1101 1807 1218 1878 album
1232 1831 1323 1880 unus
1342 1811 1451 1896 niger,

447 1927 625 2001 scutellam
640 1945 857 2009 gemmarum
873 1924 990 1994 ferens
1005 1932 1217 2009 sequeretur,
1232 1947 1381 2010 quorum
1401 1930 1452 2000 ul·

447 2047 571 2118 timum
585 2049 696 2114 mater
709 2041 853 2126 pedibus
867 2041 1086 2124 sequebatur.

530 2161 653 2232 Incolae
667 2158 747 2243 pagi
760 2158 796 2228 in
809 2157 903 2228 viam
917 2157 985 2238 tale
1006 2179 1133 2241 agmen
1157 2157 1273 2230 visum
1298 2168 1451 2234 caterva·

446 2280 510 2351 tim
524 2277 760 2363 prodiverunt,
775 2280 881 2358 atque
895 2273 982 2344 adeo
995 2273 1068 2358 ipse
1083 2272 1248 2346 Sultauus
1262 2283 1362 2349 tanto
1376 2301 1451 2363 spe·

444 2395 587 2477 ctaculq
601 2393 685 2463 item
699 2391 874 2463 celeritate
890 2390 1049 2461 Aladdini
1065 2391 1101 2461 in
1115 2391 1187 2462 suis
1202 2392 1376 2465 desideriis
1395 2417 1451 2466 ex·

442 2511 574 2597 plendis
588 2510 637 2580 ita
650 2508 721 2579 fuit
734 2507 891 2590 affectus,
906 2514 946 2578 ut
959 2507 1076 2578 viduae
1090 2507 1236 2600 diceret:

527 2627 574 2710 “l,
588 2648 666 2698 mea
678 2623 802 2696 mulier
815 2623 916 2707 bona,
936 2624 1128 2708 nuutiaque
1142 2625 1211 2696 filio
1226 2633 1299 2710 tuo,
1314 2649 1381 2711 me,
1403 2629 1448 2702 ad

440 2767 477 2817 se
503 2743 617 2829 pansis
636 2741 783 2813 brachiis
803 2738 1049 2824 excipiendum,
1075 2741 1214 2811 omnino
1244 2763 1318 2814 esse
1347 2765 1446 2828 para·

446 2861 553 2932 tum?

526 2978 835 3058 Matercumg'rato
845 2974 967 3045 nuntio
978 2974 1117 3046 domum
1129 2976 1337 3059 properavit.
1349 2977 1450 3048 Nun·

442 3095 491 3166 tio
517 3093 643 3176 audito,
670 3090 858 3163 Aladdinus
880 3091 1050 3175 extemplo
1071 3093 1230 3163 evocavit
1245 3093 1387 3177 genium
1398 3095 1449 3165 lu·

442 3232 563 3295 cemae,
579 3209 765 3292 docuitque
778 3229 860 3278 eum
874 3229 911 3278 se
926 3207 1113 3279 admodum
1138 3230 1265 3293 cupere
1279 3211 1396 3294 lavari,
1413 3218 1448 3282 et

441 3327 486 3399 ad
500 3327 691 3399 sistendum
704 3347 740 3396 se
755 3325 791 3396 in
805 3326 885 3396 aula
898 3325 1093 3409 praeparari.
1124 3325 1252 3397 Genius
1266 3327 1449 3399 confestim

441 3443 558 3528 rapuit
573 3465 654 3514 eum
669 3443 705 3512 in
720 3443 897 3512 lavacrum
918 3463 1152 3514 mannoreum
1166 3464 1268 3527 aquae
1283 3444 1449 3516 aromati·

442 3581 493 3632 cae
520 3561 670 3644 plenum,
701 3579 751 3642 ac,
774 3564 852 3642 post
878 3557 1049 3642 balneum,
1074 3559 1147 3630 loco
1172 3558 1226 3630 sui
1257 3559 1452 3633 indumenti

441 3677 619 3764 synthesin
634 3675 763 3761 reperit
777 3674 841 3747 sibi
856 3682 1013 3759 paratam
1037 3676 1188 3750 vestium
1215 3683 1323 3761 atque
1348 3698 1447 3749 orna·

441 3800 509 3879 tus,
524 3794 650 3880 quibus
664 3793 787 3864 similia
808 3793 882 3877 ipse
904 3791 993 3864 vidit
1017 3815 1206 3878 nunquam.
1233 3794 1293 3878 Ac,
1319 3801 1447 3879 praeter

440 3919 566 3986 cuneta
579 3912 663 3994 haec,
678 3909 802 3995 genius
816 3930 945 3994 equum
959 3931 1097 3994 quoque
1117 3909 1149 3982 ei
1171 3911 1292 3982 attulit
1311 3911 1448 3984 nobilis·

440 4031 576 4113 simum,
590 4028 675 4099 item
687 4026 813 4112 viginti
835 4047 963 4114 servos,
986 4027 1130 4098 totidem
1145 4049 1271 4112 servas,
1282 4049 1363 4112 quae
1376 4050 1447 4101 ma·

439 4147 503 4220 tris
515 4145 713 4230 indigentiis
721 4143 936 4228 inservirent,
944 4143 1091 4228 denique
1105 4144 1210 4216 etiam
1223 4145 1349 4230 viginti
1356 4167 1445 4218 mar-
