<?xml version="1.0" encoding="UTF-8"?>
<!DOCTYPE html PUBLIC "-//W3C//DTD XHTML 1.0 Transitional//EN"
    "http://www.w3.org/TR/xhtml1/DTD/xhtml1-transitional.dtd">
<html xmlns="http://www.w3.org/1999/xhtml" xml:lang="en" lang="en">
 <head>
  <title>
</title>
<meta http-equiv="Content-Type" content="text/html;charset=utf-8" />
  <meta name='ocr-system' content='tesseract 3.04.00' />
  <meta name='ocr-capabilities' content='ocr_page ocr_carea ocr_par ocr_line ocrx_word'/>
</head>
<body>
  <div class='ocr_page' id='page_1' title='image "./fabuldivalesexn00apulgoog_0121.png"; bbox 0 0 3554 5156; ppageno 0'>
   <div class='ocr_carea' id='block_1_1' title="bbox 444 947 1069 1019">
    <p class='ocr_par' dir='ltr' id='par_1_1' title="bbox 444 947 1069 1019">
     <span class='ocr_line' id='line_1_1' title="bbox 444 947 1069 1019; baseline -0.006 -1"><span class='ocrx_word' id='word_1_1' title='bbox 444 947 507 1019; x_wconf 90' lang='grc'><strong>110</strong></span> <span class='ocrx_word' id='word_1_2' title='bbox 821 959 903 1014; x_wconf 74' lang='lat' dir='ltr'><strong>naar</strong></span> <span class='ocrx_word' id='word_1_3' title='bbox 932 959 1069 1015; x_wconf 81' lang='lat' dir='ltr'><strong>omaus</strong></span> 
     </span>
    </p>
   </div>
   <div class='ocr_carea' id='block_1_2' title="bbox 442 1125 1445 1215">
    <p class='ocr_par' dir='ltr' id='par_1_2' title="bbox 442 1125 1445 1215">
     <span class='ocr_line' id='line_1_2' title="bbox 442 1125 1445 1215; baseline -0.004 -13"><span class='ocrx_word' id='word_1_4' title='bbox 442 1129 503 1215; x_wconf 85' lang='lat' dir='ltr'><strong>qui</strong></span> <span class='ocrx_word' id='word_1_5' title='bbox 522 1151 623 1214; x_wconf 87' lang='lat' dir='ltr'><strong>aqua,</strong></span> <span class='ocrx_word' id='word_1_6' title='bbox 638 1149 716 1212; x_wconf 86' lang='lat' dir='ltr'><strong>quae</strong></span> <span class='ocrx_word' id='word_1_7' title='bbox 730 1127 794 1198; x_wconf 81' lang='lat' dir='ltr'><strong>haa</strong></span> <span class='ocrx_word' id='word_1_8' title='bbox 817 1127 1027 1198; x_wconf 82' lang='lat' dir='ltr'><strong>mutationes</strong></span> <span class='ocrx_word' id='word_1_9' title='bbox 1048 1125 1221 1209; x_wconf 82' lang='lat' dir='ltr'><strong>effecerat,</strong></span> <span class='ocrx_word' id='word_1_10' title='bbox 1246 1127 1348 1210; x_wconf 80' lang='lat' dir='ltr'><strong>longe</strong></span> <span class='ocrx_word' id='word_1_11' title='bbox 1369 1133 1445 1198; x_wconf 85' lang='lat' dir='ltr'><strong>erat</strong></span> 
     </span>
    </p>
   </div>
   <div class='ocr_carea' id='block_1_3' title="bbox 436 1243 1508 4022">
    <p class='ocr_par' dir='ltr' id='par_1_3' title="bbox 441 1243 1446 2036">
     <span class='ocr_line' id='line_1_3' title="bbox 443 1243 1444 1330; baseline -0.003 -12"><span class='ocrx_word' id='word_1_12' title='bbox 443 1247 575 1319; x_wconf 89' lang='lat' dir='ltr'><strong>mollior</strong></span> <span class='ocrx_word' id='word_1_13' title='bbox 588 1267 694 1330; x_wconf 85' lang='lat' dir='ltr'><strong>quam</strong></span> <span class='ocrx_word' id='word_1_14' title='bbox 708 1244 871 1328; x_wconf 77' lang='lat' dir='ltr'><strong>delicata,</strong></span> <span class='ocrx_word' id='word_1_15' title='bbox 892 1265 1010 1329; x_wconf 83' lang='lat' dir='ltr'><strong>parvae</strong></span> <span class='ocrx_word' id='word_1_16' title='bbox 1034 1266 1158 1315; x_wconf 89' lang='lat' dir='ltr'><strong>manus</strong></span> <span class='ocrx_word' id='word_1_17' title='bbox 1179 1244 1289 1316; x_wconf 70' lang='lat' dir='ltr'><strong>Elisa„</strong></span> <span class='ocrx_word' id='word_1_18' title='bbox 1312 1243 1444 1317; x_wconf 87' lang='lat' dir='ltr'><strong>“Undae</strong></span> 
     </span>
     <span class='ocr_line' id='line_1_4' title="bbox 442 1360 1445 1446; baseline -0.004 -10"><span class='ocrx_word' id='word_1_19' title='bbox 442 1365 613 1436; x_wconf 84' lang='lat' dir='ltr'><strong>fluctuant</strong></span> <span class='ocrx_word' id='word_1_20' title='bbox 637 1362 849 1446; x_wconf 79' lang='lat' dir='ltr'><strong>indefessae,”</strong></span> <span class='ocrx_word' id='word_1_21' title='bbox 884 1361 1014 1446; x_wconf 81' lang='lat' dir='ltr'>cogitat</span> <span class='ocrx_word' id='word_1_22' title='bbox 1043 1383 1159 1432; x_wconf 85' lang='lat' dir='ltr'><strong>secum</strong></span> <span class='ocrx_word' id='word_1_23' title='bbox 1188 1361 1289 1444; x_wconf 80' lang='lat' dir='ltr'><strong>Elisa,</strong></span> <span class='ocrx_word' id='word_1_24' title='bbox 1319 1360 1445 1446; x_wconf 86' lang='lat' dir='ltr'><strong>“atque</strong></span> 
     </span>
     <span class='ocr_line' id='line_1_5' title="bbox 442 1479 1446 1566; baseline -0.003 -12"><span class='ocrx_word' id='word_1_25' title='bbox 442 1486 609 1566; x_wconf 75' lang='lat' dir='ltr'><strong>superant</strong></span> <span class='ocrx_word' id='word_1_26' title='bbox 623 1479 727 1550; x_wconf 88' lang='lat' dir='ltr'><strong>etiam</strong></span> <span class='ocrx_word' id='word_1_27' title='bbox 741 1479 940 1551; x_wconf 82' lang='lat' dir='ltr'><strong>durissima:</strong></span> <span class='ocrx_word' id='word_1_28' title='bbox 956 1479 1053 1550; x_wconf 87' lang='lat' dir='ltr'><strong>sicet</strong></span> <span class='ocrx_word' id='word_1_29' title='bbox 1067 1501 1142 1564; x_wconf 78' lang='lat' dir='ltr'><strong>ego,</strong></span> <span class='ocrx_word' id='word_1_30' title='bbox 1157 1501 1336 1563; x_wconf 85' lang='lat' dir='ltr'><strong>nunquam</strong></span> <span class='ocrx_word' id='word_1_31' title='bbox 1350 1479 1446 1551; x_wconf 76' lang='lat' dir='ltr'><strong>defa-</strong></span> 
     </span>
     <span class='ocr_line' id='line_1_6' title="bbox 443 1595 1446 1692; baseline -0.001 -23"><span class='ocrx_word' id='word_1_32' title='bbox 443 1597 599 1684; x_wconf 83' lang='lat' dir='ltr'><strong>tigabor!</strong></span> <span class='ocrx_word' id='word_1_33' title='bbox 621 1597 774 1669; x_wconf 83' lang='lat' dir='ltr'><strong>Gratiam</strong></span> <span class='ocrx_word' id='word_1_34' title='bbox 788 1598 886 1669; x_wconf 84' lang='lat' dir='ltr'><strong>vobis</strong></span> <span class='ocrx_word' id='word_1_35' title='bbox 900 1595 1010 1667; x_wconf 89' lang='lat' dir='ltr'><strong>habeo</strong></span> <span class='ocrx_word' id='word_1_36' title='bbox 1024 1597 1068 1692; x_wconf 89' lang='lat' dir='ltr'><strong>ob</strong></span> <span class='ocrx_word' id='word_1_37' title='bbox 1083 1596 1273 1668; x_wconf 78' lang='lat' dir='ltr'><strong>docuinam</strong></span> <span class='ocrx_word' id='word_1_38' title='bbox 1288 1597 1371 1667; x_wconf 86' lang='lat' dir='ltr'><strong>mihi</strong></span> <span class='ocrx_word' id='word_1_39' title='bbox 1384 1598 1446 1668; x_wconf 92' lang='lat' dir='ltr'><strong>im·</strong></span> 
     </span>
     <span class='ocr_line' id='line_1_7' title="bbox 442 1713 1444 1802; baseline 0.001 -16"><span class='ocrx_word' id='word_1_40' title='bbox 442 1717 617 1802; x_wconf 83' lang='lat' dir='ltr'><strong>pertitam,</strong></span> <span class='ocrx_word' id='word_1_41' title='bbox 632 1715 767 1786; x_wconf 81' lang='lat' dir='ltr'><strong>oundae</strong></span> <span class='ocrx_word' id='word_1_42' title='bbox 780 1715 946 1785; x_wconf 81' lang='lat' dir='ltr'><strong>micantes</strong></span> <span class='ocrx_word' id='word_1_43' title='bbox 957 1736 997 1783; x_wconf 91' lang='lat' dir='ltr'><strong>ac</strong></span> <span class='ocrx_word' id='word_1_44' title='bbox 1007 1713 1233 1786; x_wconf 73' lang='lat' dir='ltr'><strong>fluctumtant</strong></span> <span class='ocrx_word' id='word_1_45' title='bbox 1249 1715 1314 1786; x_wconf 86' lang='lat' dir='ltr'><strong>Cor</strong></span> <span class='ocrx_word' id='word_1_46' title='bbox 1326 1737 1444 1787; x_wconf 89' lang='lat' dir='ltr'><strong>meum</strong></span> 
     </span>
     <span class='ocr_line' id='line_1_8' title="bbox 441 1830 1446 1916; baseline -0.002 -9"><span class='ocrx_word' id='word_1_47' title='bbox 441 1836 603 1906; x_wconf 81' lang='lat' dir='ltr'><strong>futurum</strong></span> <span class='ocrx_word' id='word_1_48' title='bbox 616 1839 818 1916; x_wconf 81' lang='lat' dir='ltr'><strong>auguratur,</strong></span> <span class='ocrx_word' id='word_1_49' title='bbox 833 1838 875 1903; x_wconf 90' lang='lat' dir='ltr'><strong>ut</strong></span> <span class='ocrx_word' id='word_1_50' title='bbox 888 1852 952 1902; x_wconf 82' lang='lat' dir='ltr'><strong>voa</strong></span> <span class='ocrx_word' id='word_1_51' title='bbox 965 1852 1022 1901; x_wconf 89' lang='lat' dir='ltr'><strong>me</strong></span> <span class='ocrx_word' id='word_1_52' title='bbox 1033 1830 1078 1902; x_wconf 90' lang='lat' dir='ltr'><strong>ad</strong></span> <span class='ocrx_word' id='word_1_53' title='bbox 1092 1831 1233 1903; x_wconf 86' lang='lat' dir='ltr'><strong>dilectos</strong></span> <span class='ocrx_word' id='word_1_54' title='bbox 1257 1855 1351 1904; x_wconf 81' lang='lat' dir='ltr'><strong>meos</strong></span> <span class='ocrx_word' id='word_1_55' title='bbox 1375 1834 1446 1906; x_wconf 81' lang='lat' dir='ltr'><strong>fra·</strong></span> 
     </span>
     <span class='ocr_line' id='line_1_9' title="bbox 443 1949 763 2036; baseline -0.016 -12"><span class='ocrx_word' id='word_1_56' title='bbox 443 1959 516 2024; x_wconf 85' lang='lat' dir='ltr'><strong>trea</strong></span> <span class='ocrx_word' id='word_1_57' title='bbox 527 1949 724 2036; x_wconf 87' lang='lat' dir='ltr'><strong>pervehatis</strong></span> <span class='ocrx_word' id='word_1_58' title='bbox 733 1949 763 2018; x_wconf 88' lang='lat' dir='ltr'><strong>l&#39;&#39;</strong></span> 
     </span>
    </p>

    <p class='ocr_par' dir='ltr' id='par_1_4' title="bbox 436 2065 1508 4022">
     <span class='ocr_line' id='line_1_10' title="bbox 527 2065 1508 2152; baseline -0.001 -11"><span class='ocrx_word' id='word_1_59' title='bbox 527 2069 678 2142; x_wconf 83' lang='lat' dir='ltr'><strong>Ulterius</strong></span> <span class='ocrx_word' id='word_1_60' title='bbox 690 2065 879 2151; x_wconf 78' lang='lat' dir='ltr'><strong>dispiciens,</strong></span> <span class='ocrx_word' id='word_1_61' title='bbox 893 2067 984 2138; x_wconf 80' lang='lat' dir='ltr'><strong>Elisa</strong></span> <span class='ocrx_word' id='word_1_62' title='bbox 998 2065 1446 2152; x_wconf 77' lang='lat' dir='ltr'><strong>conspicaturinudisalgis</strong></span> <span class='ocrx_word' id='word_1_63' title='bbox 1504 2073 1508 2078; x_wconf 74' lang='grc'><em>“</em></span> 
     </span>
     <span class='ocr_line' id='line_1_11' title="bbox 444 2183 1446 2269; baseline 0 -11"><span class='ocrx_word' id='word_1_64' title='bbox 444 2186 602 2259; x_wconf 86' lang='lat' dir='ltr'><strong>undecim</strong></span> <span class='ocrx_word' id='word_1_65' title='bbox 627 2206 759 2269; x_wconf 84' lang='lat' dir='ltr'><strong>pennas</strong></span> <span class='ocrx_word' id='word_1_66' title='bbox 786 2184 935 2267; x_wconf 81' lang='lat' dir='ltr'><strong>olorum3</strong></span> <span class='ocrx_word' id='word_1_67' title='bbox 961 2183 1052 2254; x_wconf 84' lang='lat' dir='ltr'><strong>Elisa</strong></span> <span class='ocrx_word' id='word_1_68' title='bbox 1074 2183 1136 2254; x_wconf 78' lang='lat' dir='ltr'><strong>baa</strong></span> <span class='ocrx_word' id='word_1_69' title='bbox 1160 2183 1304 2267; x_wconf 74' lang='lat' dir='ltr'><strong>collegit</strong></span> <span class='ocrx_word' id='word_1_70' title='bbox 1327 2185 1446 2258; x_wconf 73' lang='lat' dir='ltr'><strong>Gutta</strong></span> 
     </span>
     <span class='ocr_line' id='line_1_12' title="bbox 443 2299 1445 2387; baseline -0.002 -12"><span class='ocrx_word' id='word_1_71' title='bbox 443 2323 546 2387; x_wconf 85' lang='lat' dir='ltr'><strong>aquae</strong></span> <span class='ocrx_word' id='word_1_72' title='bbox 570 2302 635 2373; x_wconf 84' lang='lat' dir='ltr'><strong>illia</strong></span> <span class='ocrx_word' id='word_1_73' title='bbox 659 2301 847 2384; x_wconf 81' lang='lat' dir='ltr'><strong>haerebant,</strong></span> <span class='ocrx_word' id='word_1_74' title='bbox 870 2307 991 2372; x_wconf 85' lang='lat' dir='ltr'><strong>utrum</strong></span> <span class='ocrx_word' id='word_1_75' title='bbox 1016 2299 1112 2382; x_wconf 87' lang='lat' dir='ltr'><strong>roris,</strong></span> <span class='ocrx_word' id='word_1_76' title='bbox 1135 2321 1180 2370; x_wconf 87' lang='lat' dir='ltr'><strong>an</strong></span> <span class='ocrx_word' id='word_1_77' title='bbox 1205 2299 1445 2386; x_wconf 85' lang='lat' dir='ltr'><strong>lacrymarum,</strong></span> 
     </span>
     <span class='ocr_line' id='line_1_13' title="bbox 444 2417 1446 2505; baseline 0.002 -13"><span class='ocrx_word' id='word_1_78' title='bbox 444 2421 518 2505; x_wconf 81' lang='lat' dir='ltr'><strong>ipsa</strong></span> <span class='ocrx_word' id='word_1_79' title='bbox 531 2417 721 2503; x_wconf 78' lang='lat' dir='ltr'><strong>ignorabat</strong></span> <span class='ocrx_word' id='word_1_80' title='bbox 744 2417 858 2489; x_wconf 91' lang='lat' dir='ltr'><strong>Hicin</strong></span> <span class='ocrx_word' id='word_1_81' title='bbox 872 2417 987 2488; x_wconf 86' lang='lat' dir='ltr'><strong>littore</strong></span> <span class='ocrx_word' id='word_1_82' title='bbox 1001 2417 1076 2502; x_wconf 86' lang='lat' dir='ltr'><strong>ipsa</strong></span> <span class='ocrx_word' id='word_1_83' title='bbox 1099 2421 1169 2489; x_wconf 86' lang='lat' dir='ltr'><strong>sola</strong></span> <span class='ocrx_word' id='word_1_84' title='bbox 1191 2427 1276 2504; x_wconf 79' lang='lat' dir='ltr'><strong>erat,</strong></span> <span class='ocrx_word' id='word_1_85' title='bbox 1296 2443 1361 2492; x_wconf 91' lang='lat' dir='ltr'><strong>nec</strong></span> <span class='ocrx_word' id='word_1_86' title='bbox 1382 2423 1446 2494; x_wconf 88' lang='lat' dir='ltr'><strong>hoc</strong></span> 
     </span>
     <span class='ocr_line' id='line_1_14' title="bbox 443 2535 1446 2611; baseline -0.001 0"><span class='ocrx_word' id='word_1_87' title='bbox 443 2536 597 2611; x_wconf 83' lang='lat' dir='ltr'><strong>curabat.</strong></span> <span class='ocrx_word' id='word_1_88' title='bbox 612 2537 707 2607; x_wconf 87' lang='lat' dir='ltr'><strong>Mare</strong></span> <span class='ocrx_word' id='word_1_89' title='bbox 720 2535 848 2606; x_wconf 86' lang='lat' dir='ltr'><strong>etenim</strong></span> <span class='ocrx_word' id='word_1_90' title='bbox 870 2541 1036 2606; x_wconf 87' lang='lat' dir='ltr'><strong>aetemam</strong></span> <span class='ocrx_word' id='word_1_91' title='bbox 1051 2535 1083 2606; x_wconf 93' lang='lat' dir='ltr'><strong>ei</strong></span> <span class='ocrx_word' id='word_1_92' title='bbox 1097 2536 1300 2608; x_wconf 84' lang='lat' dir='ltr'><strong>varietatem</strong></span> <span class='ocrx_word' id='word_1_93' title='bbox 1324 2539 1446 2610; x_wconf 82' lang='lat' dir='ltr'><strong>offere·</strong></span> 
     </span>
     <span class='ocr_line' id='line_1_15' title="bbox 443 2651 1446 2737; baseline 0 -10"><span class='ocrx_word' id='word_1_94' title='bbox 443 2655 505 2727; x_wconf 89' lang='lat' dir='ltr'><strong>bat</strong></span> <span class='ocrx_word' id='word_1_95' title='bbox 519 2660 667 2724; x_wconf 87' lang='lat' dir='ltr'><strong>-certe</strong></span> <span class='ocrx_word' id='word_1_96' title='bbox 688 2653 798 2723; x_wconf 84' lang='lat' dir='ltr'><strong>multu</strong></span> <span class='ocrx_word' id='word_1_97' title='bbox 819 2653 896 2736; x_wconf 84' lang='lat' dir='ltr'><strong>plus</strong></span> <span class='ocrx_word' id='word_1_98' title='bbox 908 2651 945 2723; x_wconf 91' lang='lat' dir='ltr'><strong>in</strong></span> <span class='ocrx_word' id='word_1_99' title='bbox 959 2651 1077 2736; x_wconf 80' lang='lat' dir='ltr'><strong>paucis</strong></span> <span class='ocrx_word' id='word_1_100' title='bbox 1097 2653 1200 2737; x_wconf 86' lang='lat' dir='ltr'><strong>horis,</strong></span> <span class='ocrx_word' id='word_1_101' title='bbox 1224 2675 1327 2737; x_wconf 84' lang='lat' dir='ltr'><strong>quam</strong></span> <span class='ocrx_word' id='word_1_102' title='bbox 1352 2656 1446 2726; x_wconf 82' lang='lat' dir='ltr'><strong>lenes</strong></span> 
     </span>
     <span class='ocr_line' id='line_1_16' title="bbox 442 2769 1445 2856; baseline 0 -13"><span class='ocrx_word' id='word_1_103' title='bbox 442 2791 543 2856; x_wconf 86' lang='lat' dir='ltr'><strong>aquae</strong></span> <span class='ocrx_word' id='word_1_104' title='bbox 565 2769 837 2842; x_wconf 72' lang='lat' dir='ltr'><strong>mediterraneae⁰</strong></span> <span class='ocrx_word' id='word_1_105' title='bbox 858 2788 921 2853; x_wconf 84' lang='lat' dir='ltr'><strong>per</strong></span> <span class='ocrx_word' id='word_1_106' title='bbox 942 2775 1056 2839; x_wconf 86' lang='lat' dir='ltr'><strong>totum</strong></span> <span class='ocrx_word' id='word_1_107' title='bbox 1076 2791 1207 2841; x_wconf 92' lang='lat' dir='ltr'><strong>annum</strong></span> <span class='ocrx_word' id='word_1_108' title='bbox 1232 2771 1263 2841; x_wconf 91' lang='lat' dir='ltr'><strong>ei</strong></span> <span class='ocrx_word' id='word_1_109' title='bbox 1284 2771 1445 2844; x_wconf 84' lang='lat' dir='ltr'><strong>exhibere</strong></span> 
     </span>
     <span class='ocr_line' id='line_1_17' title="bbox 443 2885 1446 2973; baseline 0.002 -14"><span class='ocrx_word' id='word_1_110' title='bbox 443 2887 645 2973; x_wconf 81' lang='lat' dir='ltr'><strong>potuissent.</strong></span> <span class='ocrx_word' id='word_1_111' title='bbox 660 2885 833 2970; x_wconf 86' lang='lat' dir='ltr'><strong>Siquando</strong></span> <span class='ocrx_word' id='word_1_112' title='bbox 847 2885 958 2956; x_wconf 79' lang='lat' dir='ltr'><strong>nubea</strong></span> <span class='ocrx_word' id='word_1_113' title='bbox 971 2893 1048 2956; x_wconf 88' lang='lat' dir='ltr'><strong>atra</strong></span> <span class='ocrx_word' id='word_1_114' title='bbox 1061 2886 1097 2956; x_wconf 91' lang='lat' dir='ltr'><strong>in</strong></span> <span class='ocrx_word' id='word_1_115' title='bbox 1112 2887 1248 2958; x_wconf 88' lang='lat' dir='ltr'><strong>sublimi</strong></span> <span class='ocrx_word' id='word_1_116' title='bbox 1261 2895 1446 2970; x_wconf 82' lang='lat' dir='ltr'><strong>praeterve·</strong></span> 
     </span>
     <span class='ocr_line' id='line_1_18' title="bbox 444 3001 1446 3091; baseline 0.002 -15"><span class='ocrx_word' id='word_1_117' title='bbox 444 3005 602 3088; x_wconf 86' lang='lat' dir='ltr'><strong>bebatur,</strong></span> <span class='ocrx_word' id='word_1_118' title='bbox 623 3024 718 3074; x_wconf 88' lang='lat' dir='ltr'><strong>mare</strong></span> <span class='ocrx_word' id='word_1_119' title='bbox 738 3001 942 3086; x_wconf 84' lang='lat' dir='ltr'><strong>respondere</strong></span> <span class='ocrx_word' id='word_1_120' title='bbox 963 3003 1161 3074; x_wconf 81' lang='lat' dir='ltr'><strong>videbatur:</strong></span> <span class='ocrx_word' id='word_1_121' title='bbox 1188 3003 1284 3090; x_wconf 77' lang='lat' dir='ltr'>“Ego</span> <span class='ocrx_word' id='word_1_122' title='bbox 1310 3027 1446 3091; x_wconf 86' lang='lat' dir='ltr'><strong>quoque</strong></span> 
     </span>
     <span class='ocr_line' id='line_1_19' title="bbox 443 3120 1447 3205; baseline 0 -11"><span class='ocrx_word' id='word_1_123' title='bbox 443 3129 560 3194; x_wconf 86' lang='lat' dir='ltr'><strong>atrum</strong></span> <span class='ocrx_word' id='word_1_124' title='bbox 582 3124 703 3205; x_wconf 74' lang='lat' dir='ltr'><strong>parere</strong></span> <span class='ocrx_word' id='word_1_125' title='bbox 725 3120 845 3203; x_wconf 84' lang='lat' dir='ltr'><strong>que0.”</strong></span> <span class='ocrx_word' id='word_1_126' title='bbox 867 3120 983 3201; x_wconf 82' lang='lat' dir='ltr'><strong>Quum</strong></span> <span class='ocrx_word' id='word_1_127' title='bbox 1005 3141 1087 3190; x_wconf 85' lang='lat' dir='ltr'><strong>vero</strong></span> <span class='ocrx_word' id='word_1_128' title='bbox 1101 3128 1228 3192; x_wconf 85' lang='lat' dir='ltr'><strong>ventus</strong></span> <span class='ocrx_word' id='word_1_129' title='bbox 1241 3143 1336 3193; x_wconf 83' lang='lat' dir='ltr'><strong>mare</strong></span> <span class='ocrx_word' id='word_1_130' title='bbox 1352 3145 1447 3195; x_wconf 84' lang='lat' dir='ltr'><strong>ever·</strong></span> 
     </span>
     <span class='ocr_line' id='line_1_20' title="bbox 441 3237 1447 3324; baseline 0.002 -14"><span class='ocrx_word' id='word_1_131' title='bbox 441 3237 594 3321; x_wconf 85' lang='lat' dir='ltr'><strong>berabat,</strong></span> <span class='ocrx_word' id='word_1_132' title='bbox 615 3237 719 3308; x_wconf 85' lang='lat' dir='ltr'><strong>undae</strong></span> <span class='ocrx_word' id='word_1_133' title='bbox 732 3237 845 3308; x_wconf 90' lang='lat' dir='ltr'><strong>albam</strong></span> <span class='ocrx_word' id='word_1_134' title='bbox 866 3257 1024 3319; x_wconf 83' lang='lat' dir='ltr'><strong>spumam</strong></span> <span class='ocrx_word' id='word_1_135' title='bbox 1046 3257 1183 3308; x_wconf 84' lang='lat' dir='ltr'><strong>sursum</strong></span> <span class='ocrx_word' id='word_1_136' title='bbox 1203 3237 1396 3324; x_wconf 78' lang='lat' dir='ltr'><strong>-iactabant3</strong></span> <span class='ocrx_word' id='word_1_137' title='bbox 1418 3239 1447 3312; x_wconf 82' lang='lat' dir='ltr'><strong>si</strong></span> 
     </span>
     <span class='ocr_line' id='line_1_21' title="bbox 440 3352 1448 3439; baseline 0.001 -13"><span class='ocrx_word' id='word_1_138' title='bbox 440 3377 525 3426; x_wconf 85' lang='lat' dir='ltr'><strong>vero</strong></span> <span class='ocrx_word' id='word_1_139' title='bbox 537 3354 649 3425; x_wconf 83' lang='lat' dir='ltr'><strong>nubes</strong></span> <span class='ocrx_word' id='word_1_140' title='bbox 662 3353 768 3424; x_wconf 90' lang='lat' dir='ltr'><strong>rubro</strong></span> <span class='ocrx_word' id='word_1_141' title='bbox 789 3359 888 3423; x_wconf 86' lang='lat' dir='ltr'><strong>erant</strong></span> <span class='ocrx_word' id='word_1_142' title='bbox 907 3352 1036 3435; x_wconf 76' lang='lat' dir='ltr'><strong>tincta,</strong></span> <span class='ocrx_word' id='word_1_143' title='bbox 1059 3353 1168 3424; x_wconf 90' lang='lat' dir='ltr'><strong>flabra</strong></span> <span class='ocrx_word' id='word_1_144' title='bbox 1188 3376 1271 3425; x_wconf 84' lang='lat' dir='ltr'><strong>vero</strong></span> <span class='ocrx_word' id='word_1_145' title='bbox 1298 3357 1448 3439; x_wconf 82' lang='lat' dir='ltr'><strong>quiesce·</strong></span> 
     </span>
     <span class='ocr_line' id='line_1_22' title="bbox 440 3471 1445 3555; baseline 0.002 -12"><span class='ocrx_word' id='word_1_146' title='bbox 440 3472 535 3555; x_wconf 81' lang='lat' dir='ltr'><strong>bant,</strong></span> <span class='ocrx_word' id='word_1_147' title='bbox 549 3491 644 3542; x_wconf 89' lang='lat' dir='ltr'><strong>mare</strong></span> <span class='ocrx_word' id='word_1_148' title='bbox 659 3491 797 3555; x_wconf 84' lang='lat' dir='ltr'><strong>quoque</strong></span> <span class='ocrx_word' id='word_1_149' title='bbox 818 3473 955 3540; x_wconf 77' lang='lat' dir='ltr'><strong>rosacea</strong></span> <span class='ocrx_word' id='word_1_150' title='bbox 976 3473 1101 3553; x_wconf 78' lang='lat' dir='ltr'><strong>pompa</strong></span> <span class='ocrx_word' id='word_1_151' title='bbox 1125 3471 1322 3543; x_wconf 75' lang='lat' dir='ltr'><strong>nitescebat.</strong></span> <span class='ocrx_word' id='word_1_152' title='bbox 1350 3473 1445 3545; x_wconf 88' lang='lat' dir='ltr'><strong>Mare</strong></span> 
     </span>
     <span class='ocr_line' id='line_1_23' title="bbox 440 3587 1448 3676; baseline 0.003 -17"><span class='ocrx_word' id='word_1_153' title='bbox 440 3588 541 3660; x_wconf 88' lang='lat' dir='ltr'><strong>modo</strong></span> <span class='ocrx_word' id='word_1_154' title='bbox 565 3587 685 3670; x_wconf 87' lang='lat' dir='ltr'><strong>viride,</strong></span> <span class='ocrx_word' id='word_1_155' title='bbox 708 3588 809 3657; x_wconf 89' lang='lat' dir='ltr'><strong>modo</strong></span> <span class='ocrx_word' id='word_1_156' title='bbox 831 3587 983 3658; x_wconf 87' lang='lat' dir='ltr'><strong>albidum</strong></span> <span class='ocrx_word' id='word_1_157' title='bbox 1012 3595 1098 3670; x_wconf 88' lang='lat' dir='ltr'><strong>erat,</strong></span> <span class='ocrx_word' id='word_1_158' title='bbox 1113 3588 1173 3658; x_wconf 86' lang='lat' dir='ltr'><strong>sed</strong></span> <span class='ocrx_word' id='word_1_159' title='bbox 1186 3609 1365 3672; x_wconf 86' lang='lat' dir='ltr'><strong>nunquam</strong></span> <span class='ocrx_word' id='word_1_160' title='bbox 1389 3613 1448 3676; x_wconf 90' lang='lat' dir='ltr'><strong>pe·</strong></span> 
     </span>
     <span class='ocr_line' id='line_1_24' title="bbox 438 3703 1447 3788; baseline 0.003 -12"><span class='ocrx_word' id='word_1_161' title='bbox 438 3705 533 3776; x_wconf 87' lang='lat' dir='ltr'><strong>nitus</strong></span> <span class='ocrx_word' id='word_1_162' title='bbox 546 3705 777 3788; x_wconf 79' lang='lat' dir='ltr'><strong>trmrquillum.</strong></span> <span class='ocrx_word' id='word_1_163' title='bbox 792 3703 943 3775; x_wconf 89' lang='lat' dir='ltr'><strong>Subinde</strong></span> <span class='ocrx_word' id='word_1_164' title='bbox 956 3703 1046 3774; x_wconf 86' lang='lat' dir='ltr'><strong>levia</strong></span> <span class='ocrx_word' id='word_1_165' title='bbox 1060 3703 1168 3774; x_wconf 89' lang='lat' dir='ltr'><strong>flabra</strong></span> <span class='ocrx_word' id='word_1_166' title='bbox 1182 3705 1217 3775; x_wconf 93' lang='lat' dir='ltr'><strong>in</strong></span> <span class='ocrx_word' id='word_1_167' title='bbox 1232 3705 1347 3777; x_wconf 86' lang='lat' dir='ltr'><strong>littore</strong></span> <span class='ocrx_word' id='word_1_168' title='bbox 1368 3729 1447 3779; x_wconf 87' lang='lat' dir='ltr'><strong>cur·</strong></span> 
     </span>
     <span class='ocr_line' id='line_1_25' title="bbox 438 3821 1445 3908; baseline 0.004 -16"><span class='ocrx_word' id='word_1_169' title='bbox 438 3821 572 3904; x_wconf 77' lang='lat' dir='ltr'><strong>cabant,</strong></span> <span class='ocrx_word' id='word_1_170' title='bbox 587 3841 696 3904; x_wconf 85' lang='lat' dir='ltr'><strong>quum</strong></span> <span class='ocrx_word' id='word_1_171' title='bbox 711 3841 812 3904; x_wconf 81' lang='lat' dir='ltr'><strong>aquae</strong></span> <span class='ocrx_word' id='word_1_172' title='bbox 826 3821 894 3891; x_wconf 87' lang='lat' dir='ltr'><strong>leni</strong></span> <span class='ocrx_word' id='word_1_173' title='bbox 908 3821 986 3891; x_wconf 85' lang='lat' dir='ltr'><strong>nisu</strong></span> <span class='ocrx_word' id='word_1_174' title='bbox 999 3822 1252 3906; x_wconf 79' lang='lat' dir='ltr'><strong>turgeacebant,</strong></span> <span class='ocrx_word' id='word_1_175' title='bbox 1268 3830 1445 3908; x_wconf 68' lang='lat' dir='ltr'><strong>umquam</strong></span> 
     </span>
     <span class='ocr_line' id='line_1_26' title="bbox 436 3936 932 4022; baseline 0 -14"><span class='ocrx_word' id='word_1_176' title='bbox 436 3945 559 4022; x_wconf 78' lang='lat' dir='ltr'><strong>pectus</strong></span> <span class='ocrx_word' id='word_1_177' title='bbox 573 3937 707 4021; x_wconf 85' lang='lat' dir='ltr'><strong>pueruli</strong></span> <span class='ocrx_word' id='word_1_178' title='bbox 723 3936 932 4009; x_wconf 80' lang='lat' dir='ltr'><strong>dormientia</strong></span> 
     </span>
    </p>
   </div>
   <div class='ocr_carea' id='block_1_4' title="bbox 438 4120 1444 4256">
    <p class='ocr_par' dir='ltr' id='par_1_5' title="bbox 438 4120 1444 4256">
     <span class='ocr_line' id='line_1_27' title="bbox 536 4120 1444 4194; baseline 0.006 -18"><span class='ocrx_word' id='word_1_179' title='bbox 536 4123 562 4176; x_wconf 87' lang='grc'><strong>9.</strong></span> <span class='ocrx_word' id='word_1_180' title='bbox 579 4120 837 4176; x_wconf 75' lang='lat' dir='ltr'><strong>Mediterraneum</strong></span> <span class='ocrx_word' id='word_1_181' title='bbox 850 4129 899 4185; x_wconf 81' lang='lat' dir='ltr'><strong>eat.</strong></span> <span class='ocrx_word' id='word_1_182' title='bbox 909 4122 980 4190; x_wconf 88' lang='lat' dir='ltr'><strong>quod</strong></span> <span class='ocrx_word' id='word_1_183' title='bbox 1010 4125 1086 4177; x_wconf 88' lang='lat' dir='ltr'><strong>rocul</strong></span> <span class='ocrx_word' id='word_1_184' title='bbox 1099 4140 1116 4177; x_wconf 92' lang='lat' dir='ltr'><strong>a</strong></span> <span class='ocrx_word' id='word_1_185' title='bbox 1130 4125 1238 4188; x_wconf 82' lang='lat' dir='ltr'><strong>linibus,</strong></span> <span class='ocrx_word' id='word_1_186' title='bbox 1252 4131 1334 4194; x_wconf 86' lang='lat' dir='ltr'><strong>atque</strong></span> <span class='ocrx_word' id='word_1_187' title='bbox 1346 4143 1363 4180; x_wconf 91' lang='lat' dir='ltr'><strong>a</strong></span> <span class='ocrx_word' id='word_1_188' title='bbox 1375 4126 1444 4180; x_wconf 82' lang='lat' dir='ltr'><strong>marl</strong></span> 
     </span>
     <span class='ocr_line' id='line_1_28' title="bbox 438 4189 1139 4256; baseline 0.004 -15"><span class='ocrx_word' id='word_1_189' title='bbox 438 4193 487 4252; x_wconf 83' lang='lat' dir='ltr'><strong>eat,</strong></span> <span class='ocrx_word' id='word_1_190' title='bbox 501 4189 543 4242; x_wconf 87' lang='lat' dir='ltr'><strong>uti</strong></span> <span class='ocrx_word' id='word_1_191' title='bbox 556 4194 621 4243; x_wconf 84' lang='lat' dir='ltr'><strong>aunt</strong></span> <span class='ocrx_word' id='word_1_192' title='bbox 633 4191 717 4252; x_wconf 83' lang='lat' dir='ltr'><strong>lacus,</strong></span> <span class='ocrx_word' id='word_1_193' title='bbox 730 4195 829 4256; x_wconf 75' lang='lat' dir='ltr'><strong>stagna</strong></span> <span class='ocrx_word' id='word_1_194' title='bbox 842 4189 927 4252; x_wconf 80' lang='lat' dir='ltr'><strong>duvii,</strong></span> <span class='ocrx_word' id='word_1_195' title='bbox 940 4205 968 4242; x_wconf 90' lang='lat' dir='ltr'><strong>m</strong></span> <span class='ocrx_word' id='word_1_196' title='bbox 1004 4189 1037 4243; x_wconf 84' lang='lat' dir='ltr'><strong>‘ia</strong></span> <span class='ocrx_word' id='word_1_197' title='bbox 1050 4191 1139 4244; x_wconf 80' lang='lat' dir='ltr'><strong>terris.</strong></span> 
     </span>
    </p>
   </div>
   <div class='ocr_carea' id='block_1_5' title="bbox 0 0 1782 5156">
    <p class='ocr_par' dir='ltr' id='par_1_6' title="bbox 0 0 1782 5156">
     <span class='ocr_line' id='line_1_29' title="bbox 0 0 1782 5156; baseline 0 0"><span class='ocrx_word' id='word_1_198' title='bbox 0 0 1782 5156; x_wconf 95' lang='lat' dir='ltr'><strong> </strong></span> 
     </span>
    </p>
   </div>
  </div>
 </body>
</html>
