3522 5156
447 924 489 995 16
747 939 920 996 uuonnun
940 939 1117 994 monum

446 1107 634 1178 aedificundi
648 1107 766 1192 pointii
780 1107 983 1191 impertivit,
1003 1107 1073 1176 inm
1086 1106 1369 1190 advesperascere
1381 1127 1449 1176 coe·

445 1225 507 1309 pit
522 1224 700 1308 Postridie,
715 1225 827 1308 primi
841 1226 917 1296 luce
932 1225 1057 1309 genius
1066 1224 1111 1294 ad
1121 1223 1328 1294 Alnddinnm
1338 1222 1448 1294 rediit

529 1340 598 1412 “Mi
612 1343 767 1425 Domine,
782 1342 949 1427 pointium
964 1343 1102 1412 finitum
1118 1343 1202 1424 est?
1215 1341 1338 1426 inquit.
1364 1341 1450 1410 “Ve-

445 1461 492 1543 ni,
507 1459 644 1544 inspice,
659 1459 807 1543 videque
821 1467 940 1530 utrum
955 1459 1018 1530 tibi
1032 1459 1197 1543 placeat”

530 1575 720 1648 Aladdinus
733 1577 891 1661 protinus
905 1576 1065 1660 surrexit,
1078 1583 1287 1660 secutusque
1295 1597 1377 1647 eum
1388 1583 1450 1647 est.

447 1695 521 1765 Nec
534 1694 618 1778 ipse,
632 1715 697 1764 nec
711 1694 893 1778 quisquam
906 1693 1103 1765 mortalium
1116 1695 1186 1763 tole
1200 1693 1366 1777 pointium
1387 1715 1450 1765 un·

445 1833 551 1897 quam
565 1811 751 1894 conspexit.
768 1810 899 1882 Genius
912 1810 1119 1881 Ainddinum
1139 1831 1202 1893 per
1223 1819 1349 1882 cuncta
1370 1831 1449 1882 con·

445 1928 555 2002 cuvia
569 1927 741 2012 perduxit,
755 1928 791 1998 in
806 1925 933 2009 quibus
946 1929 1038 1998 servi
1063 1929 1209 2011 quisque
1230 1949 1293 2012 pro
1314 1949 1377 1999 sua
1401 1929 1449 2000 di·

444 2045 578 2130 gnitate
591 2065 805 2128 munereque
820 2044 973 2128 indutus,
996 2044 1108 2129 parati
1128 2045 1322 2115 adstabant
1345 2045 1448 2116 Exhi-

445 2163 522 2235 buit
536 2163 620 2233 item
634 2161 666 2231 ei
681 2161 842 2232 aerarium
853 2161 890 2232 in
905 2183 974 2244 quo
988 2183 1117 2244 magna
1130 2161 1227 2245 copie
1240 2162 1316 2232 ouri
1329 2183 1449 2246 argen-

445 2281 542 2364 tique
556 2287 723 2364 apparata
738 2285 823 2348 eret.
839 2279 879 2348 ln
894 2278 1039 2349 stabulis
1058 2279 1216 2362 generosi
1229 2279 1310 2363 equi
1323 2287 1450 2363 presto

446 2397 603 2479 stabunt;
624 2396 660 2466 in
673 2396 817 2466 cameris
839 2401 958 2465 autem
981 2395 1156 2478 penuariis
1180 2395 1290 2466 omnis
1313 2398 1450 2480 generis

446 2513 601 2586 alimenti
617 2510 830 2583 abundantis
844 2511 999 2582 omnium
1014 2512 1092 2582 usui
1107 2519 1308 2583 coacervata
1322 2520 1407 2584 erat.

529 2629 657 2700 “Genie
672 2629 750 2712 mi‚”
766 2628 816 2699 ait
830 2629 877 2698 illi
892 2628 1090 2711 Aloddinus,
1115 2627 1261 2698 “cuncto
1273 2629 1347 2699 haec
1361 2632 1449 2701 mim

446 2755 539 2830 sunt,
554 2746 598 2817 ad
619 2745 883 2829 perfectionem
905 2765 1016 2815 unum
1030 2751 1168 2815 tantum
1182 2745 1288 2829 deest,
1315 2755 1450 2831 stingu-

447 2866 520 2935 lum
534 2862 770 2942 holosericum,
785 2883 847 2946 per
861 2861 954 2944 quod
970 2861 1078 2945 Regio
1092 2861 1177 2931 Filia
1200 2883 1221 2931 e
1244 2863 1371 2946 palatio
1391 2885 1449 2949 pa-

446 2981 510 3054 tris
523 2981 560 3051 in
574 3001 678 3051 suum
692 2978 928 3063 perambulare
942 2979 1080 3063 possit”

530 3099 663 3168 Puncto
692 3097 856 3181 temporis
884 3097 1079 3181 stragulum
1108 3119 1172 3167 suo
1200 3098 1273 3169 loco
1300 3105 1449 3170 stratum

445 3215 647 3300 comparuit,
662 3236 731 3299 quo
744 3215 848 3298 facto,
862 3215 985 3298 genius
998 3214 1206 3285 Aladdinum
1230 3216 1371 3288 domum
1394 3239 1450 3288 su·

444 3355 500 3404 am
515 3333 641 3417 rapuit,
662 3335 864 3417 priusquam
888 3332 976 3402 ostiu
1000 3333 1106 3416 regiae
1130 3331 1264 3404 Sulteni
1286 3335 1451 3419 adaperta

446 3457 571 3522 essent.

527 3567 716 3651 Postquam
730 3565 895 3638 Sultanus
918 3567 1077 3649 surrexit,
1101 3567 1319 3651 relatumque
1344 3569 1376 3638 ei
1396 3575 1450 3640 est

444 3684 613 3769 pointium
626 3705 757 3755 novum
775 3717 810 3730 -
826 3684 896 3754 tale
921 3684 1088 3767 palatium
1110 3719 1153 3730 -
1176 3693 1337 3769 peratum
1362 3707 1449 3772 esse,

444 3801 616 3885 stupebat.
632 3801 783 3884 Vespere
796 3800 913 3884 tuque
928 3800 1081 3871 eiusdem
1097 3800 1163 3872 diei
1186 3801 1377 3875 Aleddinus
1398 3811 1450 3875 ct·

444 3939 512 4004 que
527 3917 636 4002 Regia
651 3917 736 3988 Filia
751 3917 971 3990 matrimonio
987 3917 1097 3989 iuncti
1112 3925 1206 3988 sunt
