3554 5156
721 968 803 1025 mm
824 969 964 1026 omnm
1282 955 1345 1026 123

340 1140 513 1220 natorum,
538 1135 657 1220 quiin
683 1135 737 1208 bis
764 1135 893 1221 aliquid
920 1135 1000 1208 miri
1028 1136 1242 1221 autumabat,
1270 1135 1346 1208 haec

341 1253 457 1324 omnia
473 1252 600 1324 attulit

426 1367 542 1454 “Hie”
555 1369 670 1454 inquit
691 1391 763 1454 rex,
790 1369 925 1443 “licebit
949 1371 1012 1444 tibi
1027 1372 1071 1444 de
1085 1371 1197 1457 prisca
1210 1379 1273 1444 tua
1288 1371 1347 1444 do·

341 1487 598 1572 mosamius,
619 1487 675 1560 hie
699 1495 818 1560 autem
843 1489 991 1574 reperies
1015 1495 1130 1562 tatum
1143 1496 1246 1561 tuum
1259 1509 1347 1574 opus

341 1625 410 1688 quo
423 1605 663 1690 occupaban's;
678 1607 806 1678 etenim
820 1607 856 1678 in
871 1607 983 1680 medio
994 1608 1106 1680 omnis
1115 1607 1220 1680 buius
1234 1609 1348 1693 splen·

341 1721 442 1806 doris,
457 1721 549 1795 baud
564 1723 668 1796 dubie
680 1724 866 1810 aliquando
888 1731 924 1796 te
947 1725 1083 1798 iuvabit
1104 1725 1290 1810 praeterita,
1311 1725 1347 1796 in

342 1845 443 1909 antro
457 1847 493 1910 te
508 1840 634 1924 degere
646 1839 819 1926 fingendo,
834 1843 1019 1914 recolere.'’

426 1955 515 2030 Visis
527 1957 568 2030 iis
582 1957 697 2042 rebus,
712 1959 868 2043 quesibi
882 1959 1030 2032 maxime
1044 1981 1138 2032 curae
1152 1966 1262 2044 erant,
1277 1961 1346 2032 leni

342 2073 480 2146 subrisu
494 2076 680 2161 respondit,
695 2078 854 2162 nolorque
868 2078 904 2148 in
918 2099 1027 2163 genas
1047 2099 1128 2150 suas
1149 2077 1277 2148 iterum
1298 2099 1351 2149 re·

343 2189 416 2263 dire
431 2193 544 2277 noepit
560 2194 638 2279 Ipsa
651 2194 779 2266 etenim
793 2216 905 2280 usque
925 2196 1085 2280 sperabat
1099 2217 1136 2268 se
1150 2198 1280 2267 fratres
1294 2216 1348 2266 re·

342 2305 472 2380 dimere
487 2331 595 2394 posse,
609 2319 645 2382 et
658 2311 737 2385 binc
752 2335 876 2386 manus
890 2315 983 2398 regis
996 2313 1192 2385 deosculata
1204 2320 1267 2385 est
1280 2313 1346 2384 Hic

343 2445 420 2497 eam
441 2430 665 2514 amplexatus,
678 2431 771 2503 cordi
784 2431 947 2516 admovit,
962 2453 1002 2503 ac
1015 2440 1093 2503 tum
1116 2451 1234 2502 omnes
1256 2451 1347 2502 cam·

343 2565 452 2627 panas
463 2548 672 2633 templorum
696 2570 769 2620 suae
793 2548 890 2621 urbis
913 2549 1043 2634 pulsari
1067 2548 1177 2632 iuuit,
1198 2568 1349 2632 suasque

342 2662 482 2746 nuptias
496 2665 659 2736 celebrari
674 2687 735 2750 per
749 2687 923 2751 praecones
937 2665 1140 2752 proclamari
1153 2665 1347 2749 imperavit.

345 2778 494 2852 Pulchra
508 2782 607 2867 virgo
621 2791 719 2854 muta
732 2785 919 2868 sylvarum,
935 2783 1068 2868 Regina
1078 2783 1152 2854 eius
1163 2781 1262 2866 regni
1272 2803 1352 2853 eva·

350 2918 433 2969 sura
446 2907 533 2972 erat.

432 3017 563 3089 Verum
587 3017 872 3104 Archiepiscopus
894 3018 1002 3089 verba
1025 3017 1160 3089 nefaria
1189 3017 1225 3088 in
1249 3035 1354 3088 aures

343 3135 436 3220 regis
449 3138 661 3222 susurrabat,
676 3157 756 3222 quae
768 3143 886 3206 tamen
900 3157 982 3208 eum
995 3135 1135 3206 minime
1149 3139 1353 3216 moverunt3

346 3253 510 3326 solemnia
523 3255 722 3340 nuptiarum
736 3255 892 3339 perlecta
916 3260 1025 3338 erant,
1050 3259 1157 3340 atque
1181 3251 1356 3336 Archiepi·

346 3393 470 3456 scopus
484 3373 557 3457 ipse
571 3373 703 3445 invitus
717 3393 878 3443 eoronam
898 3370 1002 3456 capiti
1016 3371 1091 3443 eius
1104 3370 1276 3455 imposuit.
1292 3368 1353 3441 Su·

348 3511 410 3574 per
423 3490 488 3562 hoc
502 3491 713 3576 indignatus,
727 3511 806 3562 oras
816 3489 903 3562 arcti
918 3487 1037 3560 annuli
1046 3509 1182 3559 coronae
1191 3488 1240 3558 ita
1250 3485 1355 3570 capiti

346 3609 423 3680 eius
436 3607 618 3693 impressit,
634 3616 674 3681 ut
687 3630 759 3694 prae
774 3608 888 3680 dolore
913 3629 990 3678 earn
1014 3605 1297 3690 perstringerent,
1317 3610 1355 3675 at

347 3747 431 3798 vero
445 3726 541 3799 dolor
555 3728 655 3812 longe
670 3727 866 3812 gravior-
880 3745 1010 3796 moeror
1032 3726 1211 3796 luctuosus
1226 3721 1270 3792 ob
1285 3721 1356 3792 fre·

347 3851 476 3916 tres-
486 3867 545 3916 eor
558 3845 633 3917 eius
645 3845 755 3930 magis
769 3843 949 3928 gravabat,
963 3864 1027 3913 nec
1041 3841 1140 3927 proin
1165 3840 1260 3912 dolor
1284 3859 1356 3910 cor·

347 3963 440 4048 poris
453 3985 531 4034 eam
545 3963 670 4034 affecit.
692 3962 770 4046 Ipsa
795 3983 906 4046 usque
931 3961 1030 4032 silere
1055 3959 1208 4044 perrexit
1232 3993 1272 4003 -—
1297 3957 1356 4028 vel

349 4081 490 4154 unicum
515 4080 607 4152 enim
631 4081 838 4152 vocabulum
866 4080 995 4150 fratres
1023 4098 1105 4149 suos
1134 4074 1355 4160 perdidisset;

350 4208 505 4273 attamen
519 4200 608 4272 oculi
622 4199 676 4270 sui
690 4219 807 4270 amore
821 4196 922 4280 regis,
937 4183 1009 4268 tam
1026 4194 1115 4278 boni,
1129 4201 1269 4277 tamque
1288 4191 1358 4262 ior·
