3522 5156
427 975 470 1046 54
686 987 942 1048 Pumumruno
965 990 1170 1046 consonum

428 1159 581 1242 perdices
603 1169 707 1242 atque
733 1159 888 1242 phasiani
917 1159 961 1228 ad
992 1159 1176 1230 assandum
1201 1164 1300 1228 erant
1324 1155 1431 1238 infixi,

427 1275 592 1359 consopiti
607 1283 689 1346 sunt
702 1297 781 1346 cum
795 1277 875 1359 igne
890 1280 969 1346 una
984 1276 1066 1347 Haec
1077 1275 1191 1346 omnia
1203 1281 1332 1358 puncto
1343 1281 1429 1344 tem·

427 1392 518 1475 poris
531 1400 740 1475 evenerum
762 1391 907 1463 divabus
920 1393 1011 1463 enim
1026 1391 1219 1476 agentibus,
1240 1391 1323 1462 nihil
1345 1399 1430 1460 tem·

425 1509 518 1593 poris
531 1509 712 1580 intercidit

506 1627 597 1696 Tum
611 1648 671 1696 rex
685 1633 791 1710 atque
806 1627 935 1710 regina,
949 1635 1132 1712 postquam
1147 1627 1307 1696 dilectam
1328 1647 1427 1696 suam

427 1743 557 1827 prolem
571 1743 756 1814 deosculati
770 1751 894 1826 essent,
910 1743 992 1826 quin
1006 1743 1075 1814 filia
1089 1765 1162 1814 sese
1177 1743 1429 1826 commovisset,

426 1859 556 1942 regiam
570 1859 835 1943 dereliquerunt,
845 1861 1014 1931 mandatis
1023 1861 1058 1930 in
1070 1861 1268 1930 universum
1280 1883 1428 1945 regnum

423 1975 580 2058 dimissis,
608 1974 730 2058 nequis
757 1973 896 2043 omnino
924 1973 1089 2056 palatium
1125 1974 1426 2059 appropinquaret

424 2093 596 2166 Caeterum
610 2093 663 2163 his
679 2090 849 2162 mandatis
862 2111 949 2174 opus
963 2091 1056 2161 haud
1071 2099 1156 2174 erat,
1171 2112 1321 2175 namque
1334 2091 1429 2162 intra

424 2211 652 2294 quadrantem
666 2209 760 2279 horae
774 2208 901 2278 circum
911 2207 1028 2278 hortos
1037 2209 1223 2292 lucumque
1234 2216 1333 2280 tanta
1340 2210 1429 2280 mul·

425 2327 539 2397 titudo
553 2327 720 2397 celsarum
735 2323 897 2395 arborum
911 2332 1016 2410 atque
1029 2325 1218 2410 humilium,
1234 2333 1333 2398 tanto
1348 2327 1430 2398 den·

425 2443 538 2516 situdo
552 2443 729 2524 fruticum,
744 2442 886 2526 dumeti,
899 2443 1057 2526 veprium
1071 2450 1177 2526 atque
1192 2443 1368 2524 spinarum
1378 2443 1430 2514 ita

423 2559 515 2630 inter
528 2581 565 2630 se
578 2561 755 2642 plenarum
769 2559 928 2642 accrevit,
943 2567 983 2629 ut
997 2581 1060 2630 nec
1075 2559 1240 2642 homines,
1261 2580 1326 2631 nec
1339 2561 1428 2631 ferre

422 2697 464 2748 eo
476 2683 656 2760 penetrare
670 2682 818 2760 possent,
834 2697 873 2747 ac
889 2677 1056 2760 profecto,
1071 2699 1114 2747 ex
1129 2684 1203 2748 tota
1217 2679 1324 2762 regia,
1339 2699 1426 2763 prae·

421 2800 582 2878 terquum
595 2799 687 2863 tecta
699 2793 857 2875 turrium,
873 2799 909 2862 et
922 2793 996 2863 haec
1009 2815 1053 2863 ex
1066 2793 1255 2879 longinquo
1275 2803 1426 2880 tantum,

422 2910 515 2981 cerni
531 2915 654 2991 posset
677 2909 749 2979 Nec
764 2916 817 2979 est
830 2911 931 2992 plane
947 2910 1174 2981 dubitandum
1201 2913 1286 2996 quin
1312 2920 1349 2984 et
1369 2913 1427 2985 hae

423 3026 567 3096 cautelae
575 3046 661 3109 opus
671 3026 736 3096 dire
746 3033 869 3108 essent,
880 3033 915 3097 et
926 3047 966 3096 eo
977 3027 1116 3111 quidem
1130 3030 1278 3113 consilio,
1289 3039 1330 3102 ut
1341 3031 1427 3102 dum

425 3143 533 3226 Regia
547 3141 632 3211 Filia
645 3142 819 3224 dormiret,
834 3142 878 3213 ab
892 3143 997 3214 oculis
1021 3143 1232 3216 curiosorum
1257 3147 1341 3218 nihil
1367 3169 1428 3219 ve·

425 3260 572 3330 rendum
585 3258 735 3329 haberet.

508 3375 645 3446 Exactis
659 3375 797 3445 demum
812 3377 910 3446 anuis
923 3385 1074 3460 centum,
1088 3400 1169 3450 casu
1183 3381 1330 3452 fortuito
1346 3405 1427 3454 eve·

424 3491 487 3574 nit,
501 3499 542 3562 ut
556 3492 646 3563 lilius
660 3491 836 3563 cuiusdam
850 3493 943 3576 regis
957 3501 1041 3564 tunc
1056 3496 1242 3581 regnantis,
1257 3519 1300 3568 ex
1315 3499 1428 3570 diver·

424 3631 463 3680 sa
477 3609 607 3678 familia
620 3629 724 3692 quam
738 3608 837 3678 cuius
850 3611 962 3692 puella
987 3610 1157 3683 dormiens
1178 3620 1254 3685 erat
1282 3615 1426 3700 soboles,

423 3725 464 3796 iis
476 3725 512 3794 in
527 3723 682 3807 partibus
696 3731 891 3794 venaretur.
902 3725 1097 3810 Conspectis
1112 3729 1266 3802 turribus
1281 3753 1300 3802 e
1315 3733 1426 3806 vastis

424 3959 478 4012 dno
491 3971 600 4018 cornua:
611 3953 731 4022 focalia,
747 3957 819 4023 quod
831 3957 893 4011 dun
907 3975 990 4020 verre,
1010 3975 1067 4014 uun
1078 3977 1112 4014 ex
1122 3968 1238 4031 utrque
1256 3972 1336 4031 perte
1356 3967 1426 4031 fori,

423 4041 576 4106 dvelgnie,
589 4045 664 4094 stare
677 4041 755 4102 solet,
768 4047 955 4095 tremerem
967 4059 1036 4108 qun
1051 4061 1125 4109 veru,
1147 4063 1209 4100 cum
1229 4065 1313 4103 carne
1335 4049 1424 4106 infin

422 4123 573 4260 wilmun
585 4129 762 4191 versaturque
773 4139 854 4191 super
866 4124 959 4192 ignem
972 4127 1006 4180 ad
1018 4132 1275 4198 mumurque
1291 4149 1371 4202 eque
1383 4151 1429 4190 u·

425 4223 476 4264 nn
