3554 5156
761 951 954 1008 cerasum
1298 935 1360 1006 139

443 1119 555 1190 Tanto
569 1141 674 1204 penso
687 1119 780 1190 haud
794 1141 918 1202 parum
938 1118 1050 1190 territi
1064 1126 1146 1190 sunt
1159 1118 1237 1201 tilii;
1252 1139 1362 1202 quum

358 1244 476 1309 tamen
489 1259 624 1308 coronae
638 1258 756 1308 omnes
770 1243 885 1308 essent
898 1236 1024 1321 cupidi,
1038 1243 1237 1308 statuerunt
1251 1237 1362 1306 fortu-

359 1379 440 1427 nam
455 1363 599 1439 tentare,
609 1355 751 1439 prohinc
762 1376 889 1438 paucos
903 1361 981 1438 post
995 1354 1066 1424 dies
1079 1376 1117 1425 se
1131 1374 1251 1425 rursus
1265 1352 1362 1422 itine-

361 1472 583 1544 ridederunt.
604 1471 733 1542 Eodem
756 1471 847 1542 bivio
868 1471 958 1542 inter
983 1493 1019 1542 se
1043 1471 1170 1543 iterum
1194 1469 1363 1542 valedixe-

359 1597 453 1673 runt,
466 1590 526 1660 ubi
539 1589 703 1659 minimus
715 1588 902 1659 identidem
917 1595 1020 1659 vetus
1034 1611 1136 1660 suum
1160 1608 1362 1672 scruposum

360 1729 400 1778 ac
424 1707 614 1778 solitarium
639 1714 693 1777 est
717 1715 918 1789 prosecutus
941 1707 1017 1790 iter,
1042 1707 1135 1778 omni
1158 1727 1217 1790 spe
1237 1706 1362 1787 fretus,

360 1844 464 1908 quam
480 1825 573 1908 prior
585 1825 728 1894 fortuna
742 1823 804 1894 sibi
819 1824 967 1906 pollicita
982 1831 1066 1894 erat

444 1941 510 2012 Vix
523 1941 558 2011 in
573 1940 664 2011 saxis
677 1961 781 2024 prope
796 1939 840 2010 ad
854 1947 994 2024 pontem
1013 1941 1048 2011 in
1064 1941 1138 2024 ripa
1150 1939 1361 2022 consederat,

361 2080 469 2142 quum
483 2080 548 2128 sua
560 2059 704 2141 aanua
717 2057 836 2140 amica,
850 2079 894 2127 ex
908 2079 999 2142 aqua
1019 2057 1172 2142 prosiliit,
1194 2057 1362 2140 iuxtaque

358 2174 519 2246 iuvenem
534 2175 720 2258 considens,
744 2195 871 2258 magno
884 2197 947 2246 suo
962 2197 1021 2245 ore
1034 2182 1164 2259 aperto,
1187 2174 1360 2244 coaxando

358 2293 573 2376 inquirebat:
595 2291 706 2376 “Quid
721 2293 771 2362 rei
787 2291 876 2362 est?”
893 2292 1021 2376 Regius
1036 2292 1171 2363 iuvenis
1185 2291 1361 2362 nunciam

359 2409 500 2480 minime
513 2408 693 2480 dubitabat
708 2429 827 2479 ranam
842 2409 956 2492 aliqua
969 2409 1124 2492 potentia
1138 2410 1274 2492 pollere,
1299 2407 1362 2492 igi·

358 2533 418 2596 tur
433 2525 515 2610 quid
529 2527 643 2610 vellet,
657 2526 762 2596 fateri
776 2547 845 2596 non
860 2525 1052 2598 haesitabat.
1079 2525 1177 2596 “Fiat
1192 2525 1254 2596 tibi
1269 2524 1362 2608 quod

359 2644 488 2728 optas,”
503 2643 677 2728 respondit
692 2664 784 2726 rana:
793 2643 872 2713 inde
886 2665 1012 2727 aquam
1023 2643 1113 2714 saltu
1124 2650 1254 2728 petens,
1265 2641 1361 2726 paul·

360 2762 393 2831 lo
417 2768 495 2844 post
518 2783 597 2831 cum
622 2781 711 2832 nuce
733 2760 889 2831 avellana
923 2781 1071 2844 reversa,
1087 2782 1163 2831 eam
1188 2761 1232 2831 ad
1257 2759 1363 2844 pedes

359 2877 434 2950 eius
446 2879 614 2963 deposuit,
629 2885 706 2948 turn
720 2900 797 2951 eam
818 2879 946 2961 tollere,
961 2885 997 2948 et
1012 2878 1056 2949 ad
1071 2885 1204 2962 patrem
1225 2879 1363 2948 deterre

358 2994 468 3078 iussit,
482 3002 523 3066 ut
537 3017 652 3065 coram
667 3017 748 3080 rege
769 2995 889 3066 eadem
913 2995 981 3066 leui
1005 2995 1106 3066 modo
1130 2996 1362 3077 frangeretur,

359 3133 399 3182 ac
420 3119 498 3182 tum
519 3112 625 3182 visuri
641 3121 756 3183 essent
780 3112 865 3197 quid
887 3112 1052 3182 eveniret
1074 3111 1203 3195 Regius
1226 3109 1363 3181 iuvenis

358 3250 567 3313 magnopere
597 3236 771 3299 recreatus
798 3230 864 3300 iter
893 3236 1081 3300 retrorsum
1110 3229 1246 3313 carpsit,
1278 3248 1363 3298 rana

359 3353 476 3418 autem
492 3367 593 3430 opere
608 3348 709 3430 fessa,
724 3347 760 3416 in
775 3368 902 3430 aquam
916 3346 1043 3417 resiliit.

443 3462 582 3534 Fratres
596 3485 677 3533 eum
691 3469 959 3546 antecesserunt,
973 3484 1100 3546 magno
1114 3484 1258 3533 numero
1272 3463 1363 3532 cani-

358 3581 515 3651 culorum
529 3581 639 3650 omnis
651 3581 787 3664 generis
800 3580 999 3650 scitulorum
1021 3580 1133 3650 allato.
1162 3580 1236 3650 Rex
1257 3600 1364 3649 senex

358 3698 532 3770 studiosus
545 3698 634 3768 filios
648 3705 818 3781 quantum
842 3704 979 3782 poterat
1003 3697 1154 3779 iuvandi,
1178 3697 1363 3766 maximam

360 3836 440 3899 quae
454 3815 594 3897 reperiri
611 3821 756 3898 poterat,
771 3815 967 3899 iuglandem
982 3815 1101 3885 afferri
1113 3815 1221 3896 iussit,
1237 3821 1363 3884 etcum

360 3929 519 4002 omnibus
533 3931 695 4002 caniculis
708 3930 873 4015 experi1i3
894 3938 1026 4002 atvero
1041 3933 1156 4003 nullus
1170 3952 1289 4000 eorum
1302 3951 1364 4014 pu·

359 4053 477 4118 tamen
491 4048 541 4118 ita
555 4048 758 4132 quadrabat,
773 4054 815 4118 ut
829 4054 891 4119 aut
905 4069 997 4119 unus
1020 4069 1081 4132 pes
1104 4047 1279 4132 posterior,
1301 4053 1364 4117 aut

359 4171 473 4248 caput,
487 4172 550 4234 aut
564 4187 625 4248 pes
639 4165 800 4248 anterior,
815 4171 877 4234 aut
890 4164 1038 4248 denique
1050 4165 1159 4236 cauda
1173 4171 1271 4234 extra
1284 4163 1365 4234 emi·
