3540 5156
660 997 763 1051 nuon
783 997 829 1050 ur
851 995 987 1050 nsxcus
1264 974 1326 1044 201

325 1166 437 1236 aetatis
450 1187 537 1235 meae
551 1165 634 1236 flore
648 1165 796 1236 vocabor
817 1165 905 1246 avia,
920 1171 956 1233 et
969 1163 1046 1233 vilis
1070 1161 1200 1232 aneillae
1224 1159 1325 1240 filius,

324 1303 429 1365 nepos
445 1283 587 1353 Veneris
601 1282 778 1364 audiet,¹⁴⁷
795 1302 1004 1365 quamquam
1027 1281 1143 1362 inepta
1165 1298 1230 1361 ego
1252 1277 1326 1346 fru-

325 1408 397 1469 stra
411 1399 519 1470 filium
533 1400 652 1470 dicam.
675 1400 826 1483 Impares
846 1400 938 1469 enim
952 1397 1093 1481 nuptiae,
1109 1402 1145 1465 et
1159 1400 1326 1479 praeterea

326 1515 361 1584 in
376 1516 465 1599 villa,
480 1517 553 1586 sine
568 1517 722 1599 testibus,
734 1523 769 1586 et
779 1523 877 1600 patre
888 1537 956 1584 non
967 1513 1201 1586 consentiente
1211 1512 1324 1593 factae,

325 1633 488 1716 legitimae
501 1656 570 1704 non
585 1640 729 1718 possunt
742 1633 859 1716 videri,
883 1655 923 1703 ac
946 1655 1008 1716 per
1034 1632 1097 1702 hoc
1112 1630 1249 1714 spurius
1262 1629 1326 1699 iste

325 1759 496 1833 nascetur,
512 1752 539 1820 si
555 1752 589 1822 id
604 1773 667 1821 nos
680 1753 735 1821 vel
751 1751 896 1821 maxime
912 1750 1115 1834 patiamur?

410 1868 472 1938 His
484 1869 594 1951 editis,
610 1869 739 1938 involat
752 1869 787 1936 in
802 1889 888 1950 eam,
902 1874 1101 1950 vestemque
1112 1864 1326 1950 plurifariam

325 1986 489 2069 diloricat‚
514 1987 701 2069 capilloque
725 1985 872 2068 discisso,
897 1992 932 2054 et
955 1986 1065 2068 capite
1090 1989 1326 2066 conquassato,

326 2105 481 2187 graviter
495 2103 626 2186 affligit,
652 2110 688 2172 et
713 2109 851 2185 accepto
865 2101 992 2172 hordeo
1008 2108 1043 2170 et
1057 2101 1159 2182 milio,
1173 2108 1209 2169 et
1222 2120 1324 2183 papa-

325 2242 417 2302 vere,
432 2227 469 2289 et
483 2219 601 2302 cicere,
617 2228 652 2289 et
667 2220 770 2301 lente,
785 2228 820 2289 et
834 2219 925 2300 faba,
950 2217 1208 2300 commixtisque
1233 2238 1326 2287 acer·

325 2337 433 2406 vatim
448 2337 669 2419 confusisque
681 2337 717 2405 in
731 2357 840 2406 unum
853 2337 1062 2418 grumulum,
1077 2335 1124 2404 sic
1149 2333 1193 2404 ad
1215 2333 1325 2403 illam:

408 2452 595 2535 “Videris'’
624 2453 746 2536 inquit,
776 2451 878 2522 “mihi
904 2461 976 2522 tam
1003 2451 1166 2522 deformis
1194 2451 1325 2534 ancilla,

323 2571 418 2640 nullo
432 2570 507 2653 alio,
521 2569 581 2640 sed
595 2576 733 2639 tantum
744 2569 860 2640 sedulo
869 2569 1057 2639 ministerio
1067 2575 1238 2638 amatores
1247 2576 1327 2639 tuos

324 2687 527 2772 promereri:
549 2687 617 2756 iam
633 2708 716 2769 ergo
730 2686 853 2769 etipsa
876 2687 1017 2770 frugem
1040 2694 1137 2756 tuam
1159 2685 1325 2769 periclita-

324 2805 396 2876 bor.
412 2805 572 2876 Discerne
586 2803 756 2874 seminum
770 2805 915 2874 istorum
937 2804 1108 2888 passivam
1122 2803 1325 2886 congeriem,

324 2923 536 3006 singulisque
550 2923 666 3005 granis
681 2922 746 2992 rite
761 2920 932 3005 dispositis
958 2928 1063 3004 atque
1078 2920 1252 3004 seiugatis,
1267 2942 1325 2989 an·

323 3047 360 3110 te
374 3039 475 3109 istam
491 3059 671 3121 vesperam
685 3059 771 3121 opus
785 3037 984 3120 expeditum
1008 3037 1196 3121 approbato
1209 3037 1324 3106 mihi.”

407 3155 461 3227 Sic
483 3157 656 3239 assignato
683 3161 866 3224 tantorum¹
888 3155 1056 3225 seminum
1084 3155 1232 3236 cumulo,
1251 3153 1326 3237 ipsa

323 3295 431 3345 coenae
443 3274 588 3356 nuptiali
601 3273 827 3343 concessit.¹⁴⁸

407 3392 481 3462 Nec
502 3390 633 3474 Psyche
655 3411 779 3460 manus
807 3390 993 3460 admolitur
1017 3389 1200 3459 inconditae
1220 3388 1267 3458 illi
1289 3396 1325 3458 et

320 3507 544 3580 inextricabili
565 3507 661 3589 moli;
683 3507 743 3577 sed
758 3507 971 3577 immanitate
993 3507 1154 3590 praecepti
1177 3513 1325 3578 conster-

320 3633 413 3708 nata,
428 3626 530 3696 silens
543 3625 762 3708 obstupescit.

404 3743 504 3812 lime
519 3741 709 3811 Formicula
722 3740 779 3811 illa
792 3742 937 3825 parvula
961 3749 1066 3825 atque
1083 3741 1238 3824 ruricola,
1253 3762 1325 3810 cer·

321 3860 423 3930 tatim
433 3857 642 3929 difficultatis
653 3865 770 3939 tantae,
780 3858 972 3942 laborisque
983 3859 1133 3942 miserta,
1144 3857 1325 3928 contuber-

317 3978 406 4048 nalis
420 3975 538 4059 magni
554 3975 625 4057 Dei,
641 3978 827 4058 socrusque
841 3975 975 4046 saevitia
997 3983 1182 4057 exsecrata,
1198 3974 1326 4045 discur-

425 4161 482 4215 147.
499 4161 654 4214 Vocabitur.

423 4229 480 4282 148.
497 4228 539 4281 Ad
551 4243 658 4282 coenam
671 4227 822 4294 nuptialem
835 4227 970 4283 dissuit.
