<?xml version="1.0" encoding="UTF-8"?>
<!DOCTYPE html PUBLIC "-//W3C//DTD XHTML 1.0 Transitional//EN"
    "http://www.w3.org/TR/xhtml1/DTD/xhtml1-transitional.dtd">
<html xmlns="http://www.w3.org/1999/xhtml" xml:lang="en" lang="en">
 <head>
  <title>
</title>
<meta http-equiv="Content-Type" content="text/html;charset=utf-8" />
  <meta name='ocr-system' content='tesseract 3.04.00' />
  <meta name='ocr-capabilities' content='ocr_page ocr_carea ocr_par ocr_line ocrx_word'/>
</head>
<body>
  <div class='ocr_page' id='page_1' title='image "./fabuldivalesexn00apulgoog_0193.png"; bbox 0 0 3540 5156; ppageno 0'>
   <div class='ocr_carea' id='block_1_1' title="bbox 411 966 1078 1040">
    <p class='ocr_par' dir='ltr' id='par_1_1' title="bbox 411 966 1078 1040">
     <span class='ocr_line' id='line_1_1' title="bbox 411 966 1078 1040; baseline 0.006 -5"><span class='ocrx_word' id='word_1_1' title='bbox 411 966 473 1036; x_wconf 86' lang='lat'><strong>182</strong></span> <span class='ocrx_word' id='word_1_2' title='bbox 750 984 855 1038; x_wconf 73' lang='lat' dir='ltr'><strong>auos</strong></span> <span class='ocrx_word' id='word_1_3' title='bbox 876 984 921 1037; x_wconf 84' lang='lat' dir='ltr'><strong>rr</strong></span> <span class='ocrx_word' id='word_1_4' title='bbox 942 985 1078 1040; x_wconf 76' lang='lat' dir='ltr'><strong>rsrcns</strong></span> 
     </span>
    </p>
   </div>
   <div class='ocr_carea' id='block_1_2' title="bbox 406 1148 1418 2548">
    <p class='ocr_par' dir='ltr' id='par_1_2' title="bbox 406 1148 1418 1586">
     <span class='ocr_line' id='line_1_2' title="bbox 409 1148 1418 1238; baseline 0.008 -21"><span class='ocrx_word' id='word_1_5' title='bbox 409 1148 489 1218; x_wconf 85' lang='lat' dir='ltr'><strong>mali</strong></span> <span class='ocrx_word' id='word_1_6' title='bbox 505 1149 728 1220; x_wconf 78' lang='lat' dir='ltr'><strong>confinium¹⁰⁶</strong></span> <span class='ocrx_word' id='word_1_7' title='bbox 742 1151 805 1222; x_wconf 88' lang='lat' dir='ltr'><strong>sibi</strong></span> <span class='ocrx_word' id='word_1_8' title='bbox 819 1155 924 1224; x_wconf 89' lang='lat' dir='ltr'><strong>etiam</strong></span> <span class='ocrx_word' id='word_1_9' title='bbox 942 1154 1064 1224; x_wconf 77' lang='lat' dir='ltr'><strong>eximie</strong></span> <span class='ocrx_word' id='word_1_10' title='bbox 1078 1161 1282 1238; x_wconf 78' lang='lat' dir='ltr'><strong>metuentes,</strong></span> <span class='ocrx_word' id='word_1_11' title='bbox 1309 1154 1418 1225; x_wconf 80' lang='lat' dir='ltr'><strong>fiatds</strong></span> 
     </span>
     <span class='ocr_line' id='line_1_3' title="bbox 408 1264 1418 1356; baseline 0.006 -21"><span class='ocrx_word' id='word_1_12' title='bbox 408 1264 498 1336; x_wconf 87' lang='lat' dir='ltr'><strong>alitis</strong></span> <span class='ocrx_word' id='word_1_13' title='bbox 512 1267 666 1351; x_wconf 82' lang='lat' dir='ltr'><strong>impulsae</strong></span> <span class='ocrx_word' id='word_1_14' title='bbox 680 1270 778 1340; x_wconf 84' lang='lat' dir='ltr'><strong>solito</strong></span> <span class='ocrx_word' id='word_1_15' title='bbox 803 1280 969 1354; x_wconf 83' lang='lat' dir='ltr'><strong>porrectae</strong></span> <span class='ocrx_word' id='word_1_16' title='bbox 991 1293 1093 1356; x_wconf 90' lang='lat' dir='ltr'><strong>super</strong></span> <span class='ocrx_word' id='word_1_17' title='bbox 1115 1273 1301 1356; x_wconf 90' lang='lat' dir='ltr'><strong>scopulum,</strong></span> <span class='ocrx_word' id='word_1_18' title='bbox 1323 1272 1418 1342; x_wconf 84' lang='lat' dir='ltr'><strong>illico</strong></span> 
     </span>
     <span class='ocr_line' id='line_1_4' title="bbox 406 1384 1418 1474; baseline 0.007 -21"><span class='ocrx_word' id='word_1_19' title='bbox 406 1384 534 1468; x_wconf 85' lang='lat' dir='ltr'>pernici</span> <span class='ocrx_word' id='word_1_20' title='bbox 550 1407 586 1456; x_wconf 92' lang='lat' dir='ltr'><strong>se</strong></span> <span class='ocrx_word' id='word_1_21' title='bbox 600 1387 689 1471; x_wconf 81' lang='lat' dir='ltr'><strong>iuga</strong></span> <span class='ocrx_word' id='word_1_22' title='bbox 703 1388 905 1472; x_wconf 86' lang='lat' dir='ltr'><strong>proripiunt,</strong></span> <span class='ocrx_word' id='word_1_23' title='bbox 928 1390 1113 1474; x_wconf 84' lang='lat' dir='ltr'><strong>statimque</strong></span> <span class='ocrx_word' id='word_1_24' title='bbox 1134 1390 1327 1460; x_wconf 85' lang='lat' dir='ltr'>conscensis</span> <span class='ocrx_word' id='word_1_25' title='bbox 1355 1411 1418 1460; x_wconf 77' lang='lat' dir='ltr'><strong>na·</strong></span> 
     </span>
     <span class='ocr_line' id='line_1_5' title="bbox 408 1502 710 1586; baseline 0.01 -14"><span class='ocrx_word' id='word_1_26' title='bbox 408 1502 520 1586; x_wconf 86' lang='lat' dir='ltr'><strong>vibus,</strong></span> <span class='ocrx_word' id='word_1_27' title='bbox 533 1503 710 1574; x_wconf 72' lang='lat' dir='ltr'><strong>abeunt1⁰⁶</strong></span> 
     </span>
    </p>

    <p class='ocr_par' dir='ltr' id='par_1_3' title="bbox 406 1638 1418 2548">
     <span class='ocr_line' id='line_1_6' title="bbox 490 1638 1415 1724; baseline 0.003 -17"><span class='ocrx_word' id='word_1_28' title='bbox 490 1638 537 1708; x_wconf 86' lang='lat' dir='ltr'><strong>At</strong></span> <span class='ocrx_word' id='word_1_29' title='bbox 552 1638 692 1723; x_wconf 86' lang='lat' dir='ltr'>Psyche,</span> <span class='ocrx_word' id='word_1_30' title='bbox 707 1639 825 1710; x_wconf 84' lang='lat' dir='ltr'><strong>relicta</strong></span> <span class='ocrx_word' id='word_1_31' title='bbox 839 1641 919 1724; x_wconf 87' lang='lat' dir='ltr'><strong>sola,</strong></span> <span class='ocrx_word' id='word_1_32' title='bbox 943 1641 1008 1711; x_wconf 90' lang='lat' dir='ltr'><strong>nisi</strong></span> <span class='ocrx_word' id='word_1_33' title='bbox 1031 1641 1124 1724; x_wconf 85' lang='lat' dir='ltr'><strong>quod</strong></span> <span class='ocrx_word' id='word_1_34' title='bbox 1148 1641 1283 1712; x_wconf 67' lang='lat' dir='ltr'><strong>infestis</strong></span> <span class='ocrx_word' id='word_1_35' title='bbox 1307 1640 1415 1710; x_wconf 81' lang='lat' dir='ltr'><strong>furiis</strong></span> 
     </span>
     <span class='ocr_line' id='line_1_7' title="bbox 408 1755 1417 1842; baseline 0.002 -18"><span class='ocrx_word' id='word_1_36' title='bbox 408 1755 548 1839; x_wconf 83' lang='lat' dir='ltr'><strong>agitata,</strong></span> <span class='ocrx_word' id='word_1_37' title='bbox 564 1757 636 1826; x_wconf 90' lang='lat' dir='ltr'><strong>sola</strong></span> <span class='ocrx_word' id='word_1_38' title='bbox 648 1778 717 1827; x_wconf 91' lang='lat' dir='ltr'><strong>non</strong></span> <span class='ocrx_word' id='word_1_39' title='bbox 731 1765 794 1842; x_wconf 91' lang='lat' dir='ltr'><strong>est,</strong></span> <span class='ocrx_word' id='word_1_40' title='bbox 809 1765 897 1828; x_wconf 91' lang='lat' dir='ltr'><strong>aestu</strong></span> <span class='ocrx_word' id='word_1_41' title='bbox 919 1759 1030 1842; x_wconf 78' lang='lat' dir='ltr'>pelagi</span> <span class='ocrx_word' id='word_1_42' title='bbox 1055 1759 1210 1829; x_wconf 88' lang='lat' dir='ltr'><strong>similiter</strong></span> <span class='ocrx_word' id='word_1_43' title='bbox 1235 1756 1417 1828; x_wconf 88' lang='lat' dir='ltr'><strong>moerendo</strong></span> 
     </span>
     <span class='ocr_line' id='line_1_8' title="bbox 407 1872 1417 1958; baseline 0.003 -17"><span class='ocrx_word' id='word_1_44' title='bbox 407 1872 571 1956; x_wconf 86' lang='lat' dir='ltr'><strong>fluctuat;</strong></span> <span class='ocrx_word' id='word_1_45' title='bbox 593 1883 628 1944; x_wconf 93' lang='lat' dir='ltr'><strong>et</strong></span> <span class='ocrx_word' id='word_1_46' title='bbox 655 1875 812 1958; x_wconf 86' lang='lat' dir='ltr'><strong>quamvis</strong></span> <span class='ocrx_word' id='word_1_47' title='bbox 837 1883 969 1946; x_wconf 85' lang='lat' dir='ltr'><strong>statuto</strong></span> <span class='ocrx_word' id='word_1_48' title='bbox 998 1875 1145 1958; x_wconf 91' lang='lat' dir='ltr'><strong>consilio,</strong></span> <span class='ocrx_word' id='word_1_49' title='bbox 1174 1882 1211 1945; x_wconf 92' lang='lat' dir='ltr'><strong>et</strong></span> <span class='ocrx_word' id='word_1_50' title='bbox 1239 1874 1417 1945; x_wconf 83' lang='lat' dir='ltr'><strong>obstinato</strong></span> 
     </span>
     <span class='ocr_line' id='line_1_9' title="bbox 407 1991 1418 2077; baseline 0 -17"><span class='ocrx_word' id='word_1_51' title='bbox 407 1991 531 2074; x_wconf 88' lang='lat' dir='ltr'><strong>animo,</strong></span> <span class='ocrx_word' id='word_1_52' title='bbox 547 1993 616 2062; x_wconf 87' lang='lat' dir='ltr'><strong>iam</strong></span> <span class='ocrx_word' id='word_1_53' title='bbox 631 1998 707 2061; x_wconf 93' lang='lat' dir='ltr'><strong>tum</strong></span> <span class='ocrx_word' id='word_1_54' title='bbox 720 1993 864 2063; x_wconf 82' lang='lat' dir='ltr'>facinori</span> <span class='ocrx_word' id='word_1_55' title='bbox 878 2015 1002 2063; x_wconf 87' lang='lat' dir='ltr'><strong>manus</strong></span> <span class='ocrx_word' id='word_1_56' title='bbox 1017 1993 1214 2077; x_wconf 86' lang='lat' dir='ltr'><strong>admovens,</strong></span> <span class='ocrx_word' id='word_1_57' title='bbox 1234 1992 1349 2062; x_wconf 88' lang='lat' dir='ltr'><strong>adhuc</strong></span> <span class='ocrx_word' id='word_1_58' title='bbox 1363 1991 1418 2060; x_wconf 87' lang='lat' dir='ltr'><strong>in-</strong></span> 
     </span>
     <span class='ocr_line' id='line_1_10' title="bbox 407 2109 1416 2194; baseline 0.002 -16"><span class='ocrx_word' id='word_1_59' title='bbox 407 2117 502 2179; x_wconf 88' lang='lat' dir='ltr'><strong>certa</strong></span> <span class='ocrx_word' id='word_1_60' title='bbox 515 2109 643 2180; x_wconf 90' lang='lat' dir='ltr'><strong>consilii</strong></span> <span class='ocrx_word' id='word_1_61' title='bbox 654 2110 791 2193; x_wconf 86' lang='lat' dir='ltr'><strong>titubat,</strong></span> <span class='ocrx_word' id='word_1_62' title='bbox 801 2111 986 2194; x_wconf 88' lang='lat' dir='ltr'><strong>multisque</strong></span> <span class='ocrx_word' id='word_1_63' title='bbox 998 2109 1200 2181; x_wconf 81' lang='lat' dir='ltr'><strong>calamitatis</strong></span> <span class='ocrx_word' id='word_1_64' title='bbox 1210 2131 1283 2180; x_wconf 87' lang='lat' dir='ltr'><strong>suae</strong></span> <span class='ocrx_word' id='word_1_65' title='bbox 1293 2109 1416 2180; x_wconf 69' lang='lat' dir='ltr'><strong>discru-</strong></span> 
     </span>
     <span class='ocr_line' id='line_1_11' title="bbox 409 2225 1416 2312; baseline -0.001 -16"><span class='ocrx_word' id='word_1_66' title='bbox 409 2227 505 2297; x_wconf 87' lang='lat' dir='ltr'><strong>hitur</strong></span> <span class='ocrx_word' id='word_1_67' title='bbox 532 2227 722 2298; x_wconf 80' lang='lat' dir='ltr'><strong>affectibus.</strong></span> <span class='ocrx_word' id='word_1_68' title='bbox 755 2228 919 2311; x_wconf 84' lang='lat' dir='ltr'><strong>Festinat,</strong></span> <span class='ocrx_word' id='word_1_69' title='bbox 948 2229 1075 2312; x_wconf 85' lang='lat' dir='ltr'><strong>differt,</strong></span> <span class='ocrx_word' id='word_1_70' title='bbox 1105 2228 1221 2310; x_wconf 84' lang='lat' dir='ltr'><strong>audet,</strong></span> <span class='ocrx_word' id='word_1_71' title='bbox 1249 2225 1416 2309; x_wconf 78' lang='lat' dir='ltr'><strong>trepidat,</strong></span> 
     </span>
     <span class='ocr_line' id='line_1_12' title="bbox 406 2345 1417 2431; baseline -0.001 -15"><span class='ocrx_word' id='word_1_72' title='bbox 406 2345 538 2428; x_wconf 86' lang='lat' dir='ltr'><strong>diffidit,</strong></span> <span class='ocrx_word' id='word_1_73' title='bbox 552 2346 719 2428; x_wconf 83' lang='lat' dir='ltr'><strong>irascitur,</strong></span> <span class='ocrx_word' id='word_1_74' title='bbox 735 2354 780 2431; x_wconf 88' lang='lat' dir='ltr'><strong>et,</strong></span> <span class='ocrx_word' id='word_1_75' title='bbox 796 2347 888 2431; x_wconf 85' lang='lat' dir='ltr'><strong>quod</strong></span> <span class='ocrx_word' id='word_1_76' title='bbox 903 2354 956 2417; x_wconf 88' lang='lat' dir='ltr'><strong>est</strong></span> <span class='ocrx_word' id='word_1_77' title='bbox 974 2347 1142 2429; x_wconf 91' lang='lat' dir='ltr'><strong>ultimum,</strong></span> <span class='ocrx_word' id='word_1_78' title='bbox 1155 2347 1191 2416; x_wconf 93' lang='lat' dir='ltr'><strong>in</strong></span> <span class='ocrx_word' id='word_1_79' title='bbox 1206 2345 1326 2416; x_wconf 89' lang='lat' dir='ltr'><strong>eodem</strong></span> <span class='ocrx_word' id='word_1_80' title='bbox 1341 2367 1417 2415; x_wconf 83' lang='lat' dir='ltr'><strong>cor-</strong></span> 
     </span>
     <span class='ocr_line' id='line_1_13' title="bbox 406 2462 1412 2548; baseline 0 -16"><span class='ocrx_word' id='word_1_81' title='bbox 406 2483 487 2546; x_wconf 91' lang='lat' dir='ltr'><strong>pore</strong></span> <span class='ocrx_word' id='word_1_82' title='bbox 512 2462 584 2533; x_wconf 90' lang='lat' dir='ltr'><strong>odit</strong></span> <span class='ocrx_word' id='word_1_83' title='bbox 608 2463 762 2547; x_wconf 85' lang='lat' dir='ltr'><strong>bestiam,</strong></span> <span class='ocrx_word' id='word_1_84' title='bbox 788 2463 899 2548; x_wconf 81' lang='lat' dir='ltr'><strong>diligit</strong></span> <span class='ocrx_word' id='word_1_85' title='bbox 925 2465 1099 2534; x_wconf 79' lang='lat' dir='ltr'><strong>maritum.</strong></span> <span class='ocrx_word' id='word_1_86' title='bbox 1121 2464 1273 2547; x_wconf 80' lang='lat' dir='ltr'><strong>vespera</strong></span> <span class='ocrx_word' id='word_1_87' title='bbox 1294 2470 1412 2533; x_wconf 88' lang='lat' dir='ltr'><strong>tamen</strong></span> 
     </span>
    </p>
   </div>
   <div class='ocr_carea' id='block_1_3' title="bbox 403 2579 1417 2782">
    <p class='ocr_par' dir='ltr' id='par_1_4' title="bbox 403 2579 1417 2782">
     <span class='ocr_line' id='line_1_14' title="bbox 403 2579 1415 2666; baseline -0.002 -14"><span class='ocrx_word' id='word_1_88' title='bbox 403 2581 472 2652; x_wconf 84' lang='lat' dir='ltr'><strong>iam</strong></span> <span class='ocrx_word' id='word_1_89' title='bbox 487 2588 625 2651; x_wconf 88' lang='lat' dir='ltr'><strong>noctem</strong></span> <span class='ocrx_word' id='word_1_90' title='bbox 650 2582 821 2664; x_wconf 85' lang='lat' dir='ltr'><strong>trahente,</strong></span> <span class='ocrx_word' id='word_1_91' title='bbox 847 2583 1012 2666; x_wconf 84' lang='lat' dir='ltr'><strong>praecipiti</strong></span> <span class='ocrx_word' id='word_1_92' title='bbox 1038 2582 1259 2652; x_wconf 84' lang='lat' dir='ltr'><strong>testinatione</strong></span> <span class='ocrx_word' id='word_1_93' title='bbox 1286 2579 1415 2650; x_wconf 81' lang='lat' dir='ltr'><strong>nefarii</strong></span> 
     </span>
     <span class='ocr_line' id='line_1_15' title="bbox 405 2699 1417 2782; baseline -0.003 -12"><span class='ocrx_word' id='word_1_94' title='bbox 405 2699 539 2770; x_wconf 87' lang='lat' dir='ltr'><strong>sceleris</strong></span> <span class='ocrx_word' id='word_1_95' title='bbox 553 2699 693 2770; x_wconf 89' lang='lat' dir='ltr'><strong>instruit</strong></span> <span class='ocrx_word' id='word_1_96' title='bbox 708 2706 921 2782; x_wconf 88' lang='lat' dir='ltr'><strong>apparatum.</strong></span> <span class='ocrx_word' id='word_1_97' title='bbox 944 2700 1022 2770; x_wconf 84' lang='lat' dir='ltr'><strong>Nox</strong></span> <span class='ocrx_word' id='word_1_98' title='bbox 1047 2700 1177 2782; x_wconf 85' lang='lat' dir='ltr'><strong>aderat,</strong></span> <span class='ocrx_word' id='word_1_99' title='bbox 1204 2706 1240 2768; x_wconf 88' lang='lat' dir='ltr'><strong>et</strong></span> <span class='ocrx_word' id='word_1_100' title='bbox 1264 2699 1417 2768; x_wconf 84' lang='lat' dir='ltr'><strong>maritus</strong></span> 
     </span>
    </p>
   </div>
   <div class='ocr_carea' id='block_1_4' title="bbox 405 2816 1415 3005">
    <p class='ocr_par' dir='ltr' id='par_1_5' title="bbox 405 2816 1415 3005">
     <span class='ocr_line' id='line_1_16' title="bbox 405 2816 1415 2903; baseline -0.002 -15"><span class='ocrx_word' id='word_1_101' title='bbox 405 2816 534 2900; x_wconf 86' lang='lat' dir='ltr'><strong>aderat,</strong></span> <span class='ocrx_word' id='word_1_102' title='bbox 549 2839 588 2887; x_wconf 88' lang='lat' dir='ltr'><strong>ac</strong></span> <span class='ocrx_word' id='word_1_103' title='bbox 602 2824 680 2902; x_wconf 90' lang='lat' dir='ltr'><strong>post</strong></span> <span class='ocrx_word' id='word_1_104' title='bbox 693 2817 818 2888; x_wconf 86' lang='lat' dir='ltr'><strong>blanda</strong></span> <span class='ocrx_word' id='word_1_105' title='bbox 831 2819 997 2903; x_wconf 84' lang='lat' dir='ltr'><strong>colloquia</strong></span> <span class='ocrx_word' id='word_1_106' title='bbox 1011 2819 1079 2888; x_wconf 90' lang='lat' dir='ltr'><strong>iam</strong></span> <span class='ocrx_word' id='word_1_107' title='bbox 1095 2817 1259 2901; x_wconf 85' lang='lat' dir='ltr'><strong>et&#39;sopori</strong></span> <span class='ocrx_word' id='word_1_108' title='bbox 1280 2837 1317 2886; x_wconf 91' lang='lat' dir='ltr'><strong>se</strong></span> <span class='ocrx_word' id='word_1_109' title='bbox 1341 2824 1415 2887; x_wconf 84' lang='lat' dir='ltr'><strong>tm·</strong></span> 
     </span>
     <span class='ocr_line' id='line_1_17' title="bbox 406 2933 547 3005; baseline 0 -1"><span class='ocrx_word' id='word_1_110' title='bbox 406 2933 547 3005; x_wconf 84' lang='lat' dir='ltr'><strong>diderat.</strong></span> 
     </span>
    </p>
   </div>
   <div class='ocr_carea' id='block_1_5' title="bbox 402 3068 1414 3742">
    <p class='ocr_par' dir='ltr' id='par_1_6' title="bbox 402 3068 1414 3742">
     <span class='ocr_line' id='line_1_18' title="bbox 487 3068 1412 3154; baseline -0.001 -14"><span class='ocrx_word' id='word_1_111' title='bbox 487 3071 586 3140; x_wconf 87' lang='lat' dir='ltr'><strong>Tunc</strong></span> <span class='ocrx_word' id='word_1_112' title='bbox 602 3071 742 3154; x_wconf 84' lang='lat' dir='ltr'><strong>Psyche,</strong></span> <span class='ocrx_word' id='word_1_113' title='bbox 757 3078 793 3141; x_wconf 86' lang='lat' dir='ltr'><strong>et</strong></span> <span class='ocrx_word' id='word_1_114' title='bbox 808 3070 967 3154; x_wconf 90' lang='lat' dir='ltr'><strong>corporis,</strong></span> <span class='ocrx_word' id='word_1_115' title='bbox 983 3078 1019 3141; x_wconf 90' lang='lat' dir='ltr'><strong>et</strong></span> <span class='ocrx_word' id='word_1_116' title='bbox 1032 3070 1136 3140; x_wconf 92' lang='lat' dir='ltr'><strong>animi</strong></span> <span class='ocrx_word' id='word_1_117' title='bbox 1151 3070 1301 3154; x_wconf 84' lang='lat' dir='ltr'><strong>alioquin</strong></span> <span class='ocrx_word' id='word_1_118' title='bbox 1316 3068 1412 3139; x_wconf 88' lang='lat' dir='ltr'><strong>infir·</strong></span> 
     </span>
     <span class='ocr_line' id='line_1_19' title="bbox 404 3188 1413 3272; baseline -0.001 -14"><span class='ocrx_word' id='word_1_119' title='bbox 404 3210 471 3272; x_wconf 87' lang='lat' dir='ltr'><strong>ma,</strong></span> <span class='ocrx_word' id='word_1_120' title='bbox 494 3189 571 3259; x_wconf 83' lang='lat' dir='ltr'><strong>Fati</strong></span> <span class='ocrx_word' id='word_1_121' title='bbox 595 3195 712 3259; x_wconf 80' lang='lat' dir='ltr'><strong>tamen</strong></span> <span class='ocrx_word' id='word_1_122' title='bbox 734 3189 866 3260; x_wconf 72' lang='lat' dir='ltr'><strong>saevitia</strong></span> <span class='ocrx_word' id='word_1_123' title='bbox 887 3188 1180 3272; x_wconf 87' lang='lat' dir='ltr'><strong>subministrante,</strong></span> <span class='ocrx_word' id='word_1_124' title='bbox 1202 3188 1336 3258; x_wconf 91' lang='lat' dir='ltr'><strong>viribus</strong></span> <span class='ocrx_word' id='word_1_125' title='bbox 1356 3209 1413 3257; x_wconf 89' lang='lat' dir='ltr'><strong>ro-</strong></span> 
     </span>
     <span class='ocr_line' id='line_1_20' title="bbox 402 3305 1410 3390; baseline -0.002 -14"><span class='ocrx_word' id='word_1_126' title='bbox 402 3305 553 3384; x_wconf 89' lang='lat' dir='ltr'><strong>boratur,</strong></span> <span class='ocrx_word' id='word_1_127' title='bbox 569 3312 605 3376; x_wconf 91' lang='lat' dir='ltr'><strong>et</strong></span> <span class='ocrx_word' id='word_1_128' title='bbox 619 3307 751 3390; x_wconf 71' lang='lat' dir='ltr'><strong>prolata</strong></span> <span class='ocrx_word' id='word_1_129' title='bbox 764 3306 913 3390; x_wconf 73' lang='lat' dir='ltr'><strong>lucerna,</strong></span> <span class='ocrx_word' id='word_1_130' title='bbox 936 3314 972 3377; x_wconf 86' lang='lat' dir='ltr'><strong>et</strong></span> <span class='ocrx_word' id='word_1_131' title='bbox 996 3309 1135 3389; x_wconf 75' lang='lat' dir='ltr'><strong>arrepta</strong></span> <span class='ocrx_word' id='word_1_132' title='bbox 1157 3305 1336 3388; x_wconf 76' lang='lat' dir='ltr'><strong>novacula,</strong></span> <span class='ocrx_word' id='word_1_133' title='bbox 1359 3325 1410 3374; x_wconf 92' lang='lat' dir='ltr'><strong>se·</strong></span> 
     </span>
     <span class='ocr_line' id='line_1_21' title="bbox 402 3421 1414 3508; baseline -0.003 -14"><span class='ocrx_word' id='word_1_134' title='bbox 402 3446 486 3495; x_wconf 89' lang='lat' dir='ltr'><strong>xum</strong></span> <span class='ocrx_word' id='word_1_135' title='bbox 512 3424 655 3495; x_wconf 84' lang='lat' dir='ltr'><strong>audacia</strong></span> <span class='ocrx_word' id='word_1_136' title='bbox 679 3424 838 3496; x_wconf 87' lang='lat' dir='ltr'><strong>mutavit.</strong></span> <span class='ocrx_word' id='word_1_137' title='bbox 869 3423 944 3508; x_wconf 89' lang='lat' dir='ltr'><strong>Sed,</strong></span> <span class='ocrx_word' id='word_1_138' title='bbox 970 3445 1079 3508; x_wconf 89' lang='lat' dir='ltr'><strong>quum</strong></span> <span class='ocrx_word' id='word_1_139' title='bbox 1102 3423 1250 3507; x_wconf 92' lang='lat' dir='ltr'><strong>primum</strong></span> <span class='ocrx_word' id='word_1_140' title='bbox 1271 3421 1414 3492; x_wconf 90' lang='lat' dir='ltr'><strong>luminis</strong></span> 
     </span>
     <span class='ocr_line' id='line_1_22' title="bbox 402 3540 1411 3624; baseline -0.004 -11"><span class='ocrx_word' id='word_1_141' title='bbox 402 3542 572 3613; x_wconf 86' lang='lat' dir='ltr'><strong>oblatione</strong></span> <span class='ocrx_word' id='word_1_142' title='bbox 587 3543 654 3612; x_wconf 88' lang='lat' dir='ltr'><strong>tori</strong></span> <span class='ocrx_word' id='word_1_143' title='bbox 668 3550 800 3613; x_wconf 88' lang='lat' dir='ltr'><strong>secreta</strong></span> <span class='ocrx_word' id='word_1_144' title='bbox 813 3543 1025 3624; x_wconf 86' lang='lat' dir='ltr'><strong>claruerunt,</strong></span> <span class='ocrx_word' id='word_1_145' title='bbox 1047 3540 1135 3610; x_wconf 89' lang='lat' dir='ltr'><strong>vidit</strong></span> <span class='ocrx_word' id='word_1_146' title='bbox 1150 3541 1304 3610; x_wconf 90' lang='lat' dir='ltr'><strong>omnium</strong></span> <span class='ocrx_word' id='word_1_147' title='bbox 1320 3541 1411 3610; x_wconf 79' lang='lat' dir='ltr'><strong>fera-</strong></span> 
     </span>
     <span class='ocr_line' id='line_1_23' title="bbox 402 3657 1411 3742; baseline -0.002 -12"><span class='ocrx_word' id='word_1_148' title='bbox 402 3681 481 3730; x_wconf 91' lang='lat' dir='ltr'><strong>rum</strong></span> <span class='ocrx_word' id='word_1_149' title='bbox 494 3661 709 3732; x_wconf 85' lang='lat' dir='ltr'><strong>mitissimam</strong></span> <span class='ocrx_word' id='word_1_150' title='bbox 730 3660 1029 3742; x_wconf 86' lang='lat' dir='ltr'><strong>dulcissimamque</strong></span> <span class='ocrx_word' id='word_1_151' title='bbox 1051 3657 1215 3728; x_wconf 79' lang='lat' dir='ltr'><strong>bestiam:</strong></span> <span class='ocrx_word' id='word_1_152' title='bbox 1237 3659 1351 3742; x_wconf 89' lang='lat' dir='ltr'><strong>ipsum</strong></span> <span class='ocrx_word' id='word_1_153' title='bbox 1372 3659 1411 3728; x_wconf 92' lang='lat' dir='ltr'><strong>il·</strong></span> 
     </span>
    </p>
   </div>
   <div class='ocr_carea' id='block_1_6' title="bbox 400 3892 1413 4284">
    <p class='ocr_par' dir='ltr' id='par_1_7' title="bbox 406 3892 1413 4046">
     <span class='ocr_line' id='line_1_24' title="bbox 503 3892 1413 3961; baseline -0.002 -13"><span class='ocrx_word' id='word_1_154' title='bbox 503 3895 562 3949; x_wconf 80' lang='lat'>105.</span> <span class='ocrx_word' id='word_1_155' title='bbox 579 3895 670 3961; x_wconf 84' lang='lat' dir='ltr'><strong>ipsum</strong></span> <span class='ocrx_word' id='word_1_156' title='bbox 683 3895 805 3948; x_wconf 87' lang='lat' dir='ltr'><strong>ricinum</strong></span> <span class='ocrx_word' id='word_1_157' title='bbox 820 3895 909 3948; x_wconf 88' lang='lat' dir='ltr'><strong>locum</strong></span> <span class='ocrx_word' id='word_1_158' title='bbox 922 3900 1063 3948; x_wconf 85' lang='lat' dir='ltr'><strong>tentorum</strong></span> <span class='ocrx_word' id='word_1_159' title='bbox 1073 3893 1206 3946; x_wconf 73' lang='lat' dir='ltr'><strong>malorum</strong></span> <span class='ocrx_word' id='word_1_160' title='bbox 1220 3892 1359 3946; x_wconf 84' lang='lat' dir='ltr'><strong>timebant</strong></span> <span class='ocrx_word' id='word_1_161' title='bbox 1372 3897 1413 3945; x_wconf 84' lang='lat' dir='ltr'><strong>et·</strong></span> 
     </span>
     <span class='ocr_line' id='line_1_25' title="bbox 406 3979 950 4046; baseline -0.002 -15"><span class='ocrx_word' id='word_1_162' title='bbox 406 3979 460 4032; x_wconf 82' lang='lat' dir='ltr'><strong>iam</strong></span> <span class='ocrx_word' id='word_1_163' title='bbox 472 3985 581 4046; x_wconf 81' lang='lat' dir='ltr'><strong>propter</strong></span> <span class='ocrx_word' id='word_1_164' title='bbox 592 3994 623 4032; x_wconf 82' lang='lat' dir='ltr'><strong>se</strong></span> <span class='ocrx_word' id='word_1_165' title='bbox 633 3979 715 4045; x_wconf 78' lang='lat' dir='ltr'><strong>ipsas,</strong></span> <span class='ocrx_word' id='word_1_166' title='bbox 730 3993 766 4031; x_wconf 90' lang='lat' dir='ltr'><strong>ne</strong></span> <span class='ocrx_word' id='word_1_167' title='bbox 778 3983 950 4044; x_wconf 82' lang='lat' dir='ltr'><strong>caperentur.</strong></span> 
     </span>
    </p>

    <p class='ocr_par' dir='ltr' id='par_1_8' title="bbox 400 4060 1409 4284">
     <span class='ocr_line' id='line_1_26' title="bbox 503 4060 1407 4128; baseline 0 -14"><span class='ocrx_word' id='word_1_168' title='bbox 503 4063 561 4116; x_wconf 83' lang='lat'><strong>1⁰6.</strong></span> <span class='ocrx_word' id='word_1_169' title='bbox 578 4063 649 4116; x_wconf 88' lang='lat' dir='ltr'><strong>Ordo</strong></span> <span class='ocrx_word' id='word_1_170' title='bbox 665 4067 720 4116; x_wconf 85' lang='lat' dir='ltr'><strong>est:</strong></span> <span class='ocrx_word' id='word_1_171' title='bbox 738 4061 824 4115; x_wconf 85' lang='lat' dir='ltr'><strong>Solito</strong></span> <span class='ocrx_word' id='word_1_172' title='bbox 841 4061 961 4128; x_wconf 81' lang='lat' dir='ltr'><strong>impulsu</strong></span> <span class='ocrx_word' id='word_1_173' title='bbox 981 4061 1063 4115; x_wconf 75' lang='lat' dir='ltr'><strong>detta</strong></span> <span class='ocrx_word' id='word_1_174' title='bbox 1083 4061 1167 4123; x_wconf 72' lang='lat' dir='ltr'><strong>tlitls,</strong></span> <span class='ocrx_word' id='word_1_175' title='bbox 1182 4083 1214 4102; x_wconf 89' lang='lat'><em>=</em></span> <span class='ocrx_word' id='word_1_176' title='bbox 1226 4061 1321 4114; x_wconf 83' lang='lat' dir='ltr'><strong>eodem</strong></span> <span class='ocrx_word' id='word_1_177' title='bbox 1338 4060 1407 4114; x_wconf 75' lang='lat' dir='ltr'><strong>flatu</strong></span> 
     </span>
     <span class='ocr_line' id='line_1_27' title="bbox 400 4145 1409 4213; baseline -0.002 -14"><span class='ocrx_word' id='word_1_178' title='bbox 400 4145 517 4212; x_wconf 78' lang='lat' dir='ltr'><strong>Zephyri</strong></span> <span class='ocrx_word' id='word_1_179' title='bbox 528 4162 609 4213; x_wconf 83' lang='lat' dir='ltr'><strong>quam</strong></span> <span class='ocrx_word' id='word_1_180' title='bbox 622 4151 705 4199; x_wconf 78' lang='lat' dir='ltr'><strong>antea</strong></span> <span class='ocrx_word' id='word_1_181' title='bbox 716 4145 884 4212; x_wconf 83' lang='lat' dir='ltr'><strong>impellente,</strong></span> <span class='ocrx_word' id='word_1_182' title='bbox 910 4160 1015 4198; x_wconf 81' lang='lat' dir='ltr'><strong>sorores</strong></span> <span class='ocrx_word' id='word_1_183' title='bbox 1036 4145 1173 4212; x_wconf 74' lang='lat' dir='ltr'><strong>depositae,</strong></span> <span class='ocrx_word' id='word_1_184' title='bbox 1193 4150 1359 4198; x_wconf 72' lang='lat' dir='ltr'><strong>transvectae</strong></span> <span class='ocrx_word' id='word_1_185' title='bbox 1376 4145 1409 4197; x_wconf 89' lang='lat' dir='ltr'><strong>ln</strong></span> 
     </span>
     <span class='ocr_line' id='line_1_28' title="bbox 403 4229 634 4284; baseline 0.009 -2"><span class='ocrx_word' id='word_1_186' title='bbox 403 4229 513 4282; x_wconf 73' lang='lat' dir='ltr'><strong>solitum</strong></span> <span class='ocrx_word' id='word_1_187' title='bbox 530 4245 634 4284; x_wconf 80' lang='lat' dir='ltr'><strong>saxum.</strong></span> 
     </span>
    </p>
   </div>
   <div class='ocr_carea' id='block_1_7' title="bbox 0 0 1774 5156">
    <p class='ocr_par' dir='ltr' id='par_1_9' title="bbox 0 0 1774 5156">
     <span class='ocr_line' id='line_1_29' title="bbox 0 0 1774 5156; baseline 0 3"><span class='ocrx_word' id='word_1_188' title='bbox 0 0 1774 5156; x_wconf 95' lang='lat' dir='ltr'><strong> </strong></span> 
     </span>
    </p>
   </div>
  </div>
 </body>
</html>
