3554 5156
403 950 446 1022 86
792 965 895 1032 nonu
915 965 1014 1022 vrnn

403 1154 483 1205 mcx
497 1133 696 1218 reperiam,”
712 1156 780 1219 qun
795 1133 886 1206 dicto
900 1133 944 1206 ad
959 1155 1093 1218 regrum
1118 1155 1237 1218 regern
1249 1153 1411 1219 propera·

401 1250 465 1335 vit,
496 1251 769 1337 facultatemque
798 1251 843 1322 ab
871 1273 912 1323 eo
937 1250 1062 1335 petivit
1084 1257 1126 1322 ut
1147 1251 1285 1335 Aquam
1316 1250 1410 1323 Vitte

402 1367 587 1452 qnaesitum
616 1367 680 1440 sibi
708 1367 877 1454 proficisci
905 1368 1033 1452 liceret,
1062 1368 1338 1452 quandoquidem
1367 1389 1412 1439 ea

402 1483 473 1556 nola
495 1505 551 1556 res
574 1491 663 1556 esset
687 1506 766 1568 quae
783 1507 865 1556 eum
879 1485 1000 1570 prisca
1013 1485 1205 1556 valetudini
1226 1485 1411 1556 restituere

402 1609 525 1685 posset.

486 1717 683 1802 “Minime‚”
700 1717 877 1803 respondit
889 1739 960 1802 rex,
983 1717 1150 1790 “mortem
1164 1718 1332 1802 potiorem
1347 1718 1409 1788 ha·

401 1835 475 1919 beo,
492 1857 596 1919 quam
610 1843 651 1906 ut
667 1843 703 1907 te
718 1835 981 1920 discriminibus,
1006 1857 1084 1920 qure
1098 1835 1164 1906 iter
1178 1835 1343 1908 eiusmodi
1357 1857 1410 1906 ac·

402 1973 481 2023 cum
496 1953 576 2036 fert,
592 1974 613 2024 a
627 1974 683 2022 me
698 1953 870 2025 obiectum
888 1975 962 2025 esse
976 1953 1112 2024 sciam.”

486 2071 617 2140 Verum
642 2069 778 2142 iuvenis
804 2077 903 2140 tanto
924 2071 1046 2142 ardore
1070 2069 1259 2154 flagitabat,
1283 2078 1325 2141 ut
1345 2091 1408 2141 rex

402 2185 549 2269 denique
571 2186 603 2257 ei
626 2187 830 2258 facultatem
856 2187 962 2258 eundi
985 2187 1180 2270 largiretur,
1204 2209 1273 2271 quo
1302 2189 1409 2271 facto,

400 2302 491 2373 filius
516 2303 632 2386 regina
655 2303 702 2375 sic
728 2325 845 2374 secum
872 2303 1095 2387 coniectabat,
1120 2303 1176 2376 “Si
1201 2304 1292 2390 patri
1316 2305 1408 2376 hanc

401 2441 527 2503 aquam
539 2422 698 2504 attulero,
713 2441 769 2491 me
784 2420 923 2491 habebit
937 2421 1046 2492 filium
1057 2421 1322 2506 dilectissimum,
1334 2443 1406 2493 me·

400 2557 468 2620 que
482 2537 653 2608 haeredem
668 2537 767 2622 regni
786 2538 1004 2610 constituet.”

326 2636 331 2648 ,
485 2654 640 2726 Tandem
663 2653 778 2724 itineri
804 2676 841 2726 se
866 2654 970 2739 dedit,
990 2662 1031 2726 et.
1052 2677 1161 2739 quum
1186 2663 1321 2740 partem
1334 2679 1407 2728 nnn

402 2770 564 2855 exiguam
580 2771 712 2842 itineris
727 2791 887 2842 emensus
900 2780 1001 2855 esset,
1025 2772 1060 2842 in
1083 2774 1208 2844 vallem
1232 2773 1407 2857 quandam

403 2887 571 2972 pervenit,
586 2888 782 2972 praecipitiis
796 2895 833 2959 et
846 2889 953 2973 sylvis
975 2889 1150 2973 utrimque
1174 2911 1348 2974 asperam
1370 2898 1408 2962 et

401 3012 444 3075 ut
457 3003 523 3076 illic
537 3003 758 3088 dispectabat,
773 3005 810 3076 in
825 3005 973 3088 quodam
983 3007 1121 3090 scopulo
1135 3006 1199 3078 sibi
1214 3007 1407 3079 imminenti

402 3120 645 3193 animadvertit
669 3121 863 3206 pumilnm,¹
879 3122 940 3206 qui
954 3143 991 3194 ne
1004 3142 1086 3193 mox
1099 3122 1282 3195 hisverbis
1305 3123 1408 3197 incla-

400 3238 526 3310 mavit:
547 3236 740 3322 “Princeps,
754 3259 904 3322 quonam
917 3245 1096 3324 tantopere
1110 3240 1296 3314 festinas?”

484 3353 595 3440 “Quid
610 3354 645 3426 id
659 3355 703 3426 ad
717 3361 764 3438 tc,
780 3354 892 3440 turpia
912 3356 1075 3440 pusille‘l''
1100 3359 1228 3442 regerit
1254 3367 1406 3432 contern-

401 3472 489 3557 ptim
503 3472 620 3556 regius
633 3471 733 3556 filius,
744 3472 811 3543 iter
821 3481 1033 3557 prosecutus„
1043 3474 1092 3547 At
1101 3475 1274 3548 homullus
1287 3476 1406 3550 inma-

400 3611 506 3675 gnam
520 3589 606 3660 iram
621 3588 748 3660 exarsit
763 3589 808 3660 ob
822 3589 911 3661 hanc
932 3591 1184 3676 contumeliam,
1209 3593 1310 3677 eique
1332 3616 1404 3666 ma-

400 3709 468 3779 lam
481 3708 658 3778 iomunam
672 3706 871 3790 incantavit,
881 3707 931 3778 ita
943 3715 985 3780 ut
1000 3729 1040 3780 en
1054 3731 1213 3793 prorsum
1223 3711 1403 3794 equitante

400 3830 549 3908 angurtu
563 3823 732 3894 montium
742 3823 952 3907 pedetentim
963 3826 1137 3910 mactari,
1144 3827 1286 3898 tandem
1296 3829 1404 3900 nunni·

400 3962 446 4012 no
467 3941 517 4010 ita
538 3939 650 4011 claudi
672 3938 882 4024 viderentur,
903 3949 945 4012 ut
967 3942 1113 4014 ulterius
1132 3944 1292 4028 progredi
1307 3945 1404 4018 nullo

501 4125 526 4179 1.
542 4121 690 4189 hautun,
711 4123 745 4190 ·i,
765 4125 825 4179 rive
837 4124 960 4192 pumilio,
975 4126 1040 4188 -nle
1053 4132 1095 4181 ent
1106 4126 1189 4182 horno
1202 4126 1344 4196 parvulus,
1355 4129 1405 4184 bo·

400 4191 510 4254 mulina,
521 4191 678 4254 homuncio,
690 4207 808 4247 manne
