<?xml version="1.0" encoding="UTF-8"?>
<!DOCTYPE html PUBLIC "-//W3C//DTD XHTML 1.0 Transitional//EN"
    "http://www.w3.org/TR/xhtml1/DTD/xhtml1-transitional.dtd">
<html xmlns="http://www.w3.org/1999/xhtml" xml:lang="en" lang="en">
 <head>
  <title>
</title>
<meta http-equiv="Content-Type" content="text/html;charset=utf-8" />
  <meta name='ocr-system' content='tesseract 3.04.00' />
  <meta name='ocr-capabilities' content='ocr_page ocr_carea ocr_par ocr_line ocrx_word'/>
</head>
<body>
  <div class='ocr_page' id='page_1' title='image "./fabuldivalesexn00apulgoog_0118.png"; bbox 0 0 3554 5156; ppageno 0'>
   <div class='ocr_carea' id='block_1_1' title="bbox 695 957 1319 1032">
    <p class='ocr_par' dir='ltr' id='par_1_1' title="bbox 695 957 1319 1032">
     <span class='ocr_line' id='line_1_1' title="bbox 695 957 1319 1032; baseline 0.008 -5"><span class='ocrx_word' id='word_1_1' title='bbox 695 971 777 1027; x_wconf 81' lang='lat' dir='ltr'><strong>umu</strong></span> <span class='ocrx_word' id='word_1_2' title='bbox 806 971 942 1028; x_wconf 83' lang='lat' dir='ltr'><strong>omaus</strong></span> <span class='ocrx_word' id='word_1_3' title='bbox 1255 957 1319 1032; x_wconf 77' lang='lat'><strong>107</strong></span> 
     </span>
    </p>
   </div>
   <div class='ocr_carea' id='block_1_2' title="bbox 315 1138 1320 1579">
    <p class='ocr_par' dir='ltr' id='par_1_2' title="bbox 315 1138 1320 1579">
     <span class='ocr_line' id='line_1_2' title="bbox 316 1138 1319 1223; baseline 0.001 -9"><span class='ocrx_word' id='word_1_4' title='bbox 316 1139 410 1214; x_wconf 86' lang='lat' dir='ltr'><strong>enim</strong></span> <span class='ocrx_word' id='word_1_5' title='bbox 433 1140 573 1212; x_wconf 87' lang='lat' dir='ltr'><strong>arbores</strong></span> <span class='ocrx_word' id='word_1_6' title='bbox 597 1139 704 1223; x_wconf 73' lang='lat' dir='ltr'><strong>sylva</strong></span> <span class='ocrx_word' id='word_1_7' title='bbox 724 1138 905 1212; x_wconf 80' lang='lat' dir='ltr'><strong>frondosos</strong></span> <span class='ocrx_word' id='word_1_8' title='bbox 926 1159 1006 1212; x_wconf 89' lang='lat' dir='ltr'><strong>suos</strong></span> <span class='ocrx_word' id='word_1_9' title='bbox 1028 1159 1144 1214; x_wconf 89' lang='lat' dir='ltr'><strong>ramos</strong></span> <span class='ocrx_word' id='word_1_10' title='bbox 1166 1141 1258 1214; x_wconf 90' lang='lat' dir='ltr'><strong>inter</strong></span> <span class='ocrx_word' id='word_1_11' title='bbox 1280 1163 1319 1215; x_wconf 87' lang='lat' dir='ltr'><strong>se</strong></span> 
     </span>
     <span class='ocr_line' id='line_1_3' title="bbox 315 1255 1320 1342; baseline 0.004 -13"><span class='ocrx_word' id='word_1_12' title='bbox 315 1263 571 1340; x_wconf 87' lang='lat' dir='ltr'><strong>conseruerant,</strong></span> <span class='ocrx_word' id='word_1_13' title='bbox 585 1255 678 1328; x_wconf 91' lang='lat' dir='ltr'><strong>unde</strong></span> <span class='ocrx_word' id='word_1_14' title='bbox 693 1256 855 1328; x_wconf 82' lang='lat' dir='ltr'><strong>foliorum</strong></span> <span class='ocrx_word' id='word_1_15' title='bbox 877 1263 1029 1342; x_wconf 75' lang='lat' dir='ltr'><strong>tegmen,</strong></span> <span class='ocrx_word' id='word_1_16' title='bbox 1050 1257 1111 1330; x_wconf 91' lang='lat' dir='ltr'><strong>ubi</strong></span> <span class='ocrx_word' id='word_1_17' title='bbox 1134 1258 1219 1330; x_wconf 86' lang='lat' dir='ltr'><strong>radii</strong></span> <span class='ocrx_word' id='word_1_18' title='bbox 1240 1259 1320 1333; x_wconf 82' lang='lat' dir='ltr'><strong>solia</strong></span> 
     </span>
     <span class='ocr_line' id='line_1_4' title="bbox 315 1373 1318 1458; baseline 0.002 -11"><span class='ocrx_word' id='word_1_19' title='bbox 315 1374 365 1448; x_wconf 88' lang='lat' dir='ltr'><strong>eis</strong></span> <span class='ocrx_word' id='word_1_20' title='bbox 385 1373 586 1458; x_wconf 82' lang='lat' dir='ltr'>inciderant,</span> <span class='ocrx_word' id='word_1_21' title='bbox 612 1373 708 1446; x_wconf 87' lang='lat' dir='ltr'><strong>aurei</strong></span> <span class='ocrx_word' id='word_1_22' title='bbox 731 1373 799 1445; x_wconf 88' lang='lat' dir='ltr'><strong>veli</strong></span> <span class='ocrx_word' id='word_1_23' title='bbox 819 1373 929 1446; x_wconf 83' lang='lat' dir='ltr'><strong>instar</strong></span> <span class='ocrx_word' id='word_1_24' title='bbox 953 1375 1022 1446; x_wconf 92' lang='lat' dir='ltr'><strong>hnc</strong></span> <span class='ocrx_word' id='word_1_25' title='bbox 1046 1381 1083 1448; x_wconf 91' lang='lat' dir='ltr'><strong>et</strong></span> <span class='ocrx_word' id='word_1_26' title='bbox 1096 1375 1175 1448; x_wconf 88' lang='lat' dir='ltr'><strong>illuc</strong></span> <span class='ocrx_word' id='word_1_27' title='bbox 1190 1376 1318 1449; x_wconf 88' lang='lat' dir='ltr'><strong>oscilla·</strong></span> 
     </span>
     <span class='ocr_line' id='line_1_5' title="bbox 315 1489 1319 1579; baseline 0.003 -15"><span class='ocrx_word' id='word_1_28' title='bbox 315 1491 410 1564; x_wconf 89' lang='lat' dir='ltr'><strong>bant.</strong></span> <span class='ocrx_word' id='word_1_29' title='bbox 424 1491 521 1563; x_wconf 87' lang='lat' dir='ltr'><strong>Aura</strong></span> <span class='ocrx_word' id='word_1_30' title='bbox 533 1491 675 1564; x_wconf 77' lang='lat' dir='ltr'><strong>floribus</strong></span> <span class='ocrx_word' id='word_1_31' title='bbox 687 1489 939 1576; x_wconf 86' lang='lat' dir='ltr'><strong>baccarumque</strong></span> <span class='ocrx_word' id='word_1_32' title='bbox 952 1491 1115 1564; x_wconf 85' lang='lat' dir='ltr'><strong>odoribus</strong></span> <span class='ocrx_word' id='word_1_33' title='bbox 1127 1492 1319 1579; x_wconf 73' lang='lat' dir='ltr'><strong>fragrabat,</strong></span> 
     </span>
    </p>
   </div>
   <div class='ocr_carea' id='block_1_3' title="bbox 312 1607 1320 4278">
    <p class='ocr_par' dir='ltr' id='par_1_3' title="bbox 312 1607 1320 3102">
     <span class='ocr_line' id='line_1_6' title="bbox 316 1607 1318 1695; baseline 0 -13"><span class='ocrx_word' id='word_1_34' title='bbox 316 1607 441 1693; x_wconf 72' lang='lat' dir='ltr'><strong>alique</strong></span> <span class='ocrx_word' id='word_1_35' title='bbox 454 1615 572 1681; x_wconf 88' lang='lat' dir='ltr'><strong>antem</strong></span> <span class='ocrx_word' id='word_1_36' title='bbox 587 1609 733 1680; x_wconf 82' lang='lat' dir='ltr'><strong>aviculae</strong></span> <span class='ocrx_word' id='word_1_37' title='bbox 746 1609 783 1680; x_wconf 92' lang='lat' dir='ltr'><strong>in</strong></span> <span class='ocrx_word' id='word_1_38' title='bbox 794 1608 956 1680; x_wconf 78' lang='lat' dir='ltr'>humeros</span> <span class='ocrx_word' id='word_1_39' title='bbox 968 1610 1078 1681; x_wconf 85' lang='lat' dir='ltr'><strong>veluti</strong></span> <span class='ocrx_word' id='word_1_40' title='bbox 1092 1609 1128 1681; x_wconf 93' lang='lat' dir='ltr'><strong>in</strong></span> <span class='ocrx_word' id='word_1_41' title='bbox 1142 1610 1318 1695; x_wconf 83' lang='lat' dir='ltr'><strong>perticam,</strong></span> 
     </span>
     <span class='ocr_line' id='line_1_7' title="bbox 316 1725 1318 1800; baseline 0.002 -2"><span class='ocrx_word' id='word_1_42' title='bbox 316 1725 418 1798; x_wconf 82' lang='lat' dir='ltr'><strong>Eiisae</strong></span> <span class='ocrx_word' id='word_1_43' title='bbox 432 1726 694 1798; x_wconf 77' lang='lat' dir='ltr'><strong>descendebant.</strong></span> <span class='ocrx_word' id='word_1_44' title='bbox 705 1725 877 1800; x_wconf 85' lang='lat' dir='ltr'><strong>Audiebat</strong></span> <span class='ocrx_word' id='word_1_45' title='bbox 890 1726 995 1798; x_wconf 87' lang='lat' dir='ltr'><strong>etiam</strong></span> <span class='ocrx_word' id='word_1_46' title='bbox 1010 1727 1122 1798; x_wconf 89' lang='lat' dir='ltr'><strong>lenem</strong></span> <span class='ocrx_word' id='word_1_47' title='bbox 1136 1749 1318 1800; x_wconf 89' lang='lat' dir='ltr'><strong>susurrum</strong></span> 
     </span>
     <span class='ocr_line' id='line_1_8' title="bbox 318 1843 1320 1928; baseline 0.001 -13"><span class='ocrx_word' id='word_1_48' title='bbox 318 1863 418 1927; x_wconf 80' lang='lat' dir='ltr'><strong>aquae</strong></span> <span class='ocrx_word' id='word_1_49' title='bbox 426 1843 577 1928; x_wconf 89' lang='lat' dir='ltr'><strong>fluentis,</strong></span> <span class='ocrx_word' id='word_1_50' title='bbox 586 1843 712 1916; x_wconf 87' lang='lat' dir='ltr'><strong>scilicet</strong></span> <span class='ocrx_word' id='word_1_51' title='bbox 720 1845 851 1928; x_wconf 89' lang='lat' dir='ltr'><strong>aliquot</strong></span> <span class='ocrx_word' id='word_1_52' title='bbox 858 1843 1202 1916; x_wconf 81' lang='lat' dir='ltr'><strong>scatebraeinvicinia</strong></span> <span class='ocrx_word' id='word_1_53' title='bbox 1210 1865 1320 1928; x_wconf 84' lang='lat' dir='ltr'><strong>aquas</strong></span> 
     </span>
     <span class='ocr_line' id='line_1_9' title="bbox 316 1961 1318 2045; baseline 0.001 -12"><span class='ocrx_word' id='word_1_54' title='bbox 316 1981 397 2033; x_wconf 86' lang='lat' dir='ltr'><strong>suas</strong></span> <span class='ocrx_word' id='word_1_55' title='bbox 411 1961 447 2031; x_wconf 91' lang='lat' dir='ltr'><strong>in</strong></span> <span class='ocrx_word' id='word_1_56' title='bbox 460 1961 655 2034; x_wconf 71' lang='lat' dir='ltr'><strong>bennum</strong></span> <span class='ocrx_word' id='word_1_57' title='bbox 669 1983 885 2035; x_wconf 92' lang='lat' dir='ltr'><strong>communem</strong></span> <span class='ocrx_word' id='word_1_58' title='bbox 899 1961 1121 2045; x_wconf 85' lang='lat' dir='ltr'><strong>miscuerunt,</strong></span> <span class='ocrx_word' id='word_1_59' title='bbox 1132 1962 1229 2034; x_wconf 92' lang='lat' dir='ltr'><strong>cuius</strong></span> <span class='ocrx_word' id='word_1_60' title='bbox 1237 1963 1318 2034; x_wconf 85' lang='lat' dir='ltr'><strong>iun·</strong></span> 
     </span>
     <span class='ocr_line' id='line_1_10' title="bbox 316 2073 1317 2164; baseline 0.003 -15"><span class='ocrx_word' id='word_1_61' title='bbox 316 2077 400 2150; x_wconf 93' lang='lat' dir='ltr'><strong>dum</strong></span> <span class='ocrx_word' id='word_1_62' title='bbox 414 2079 517 2164; x_wconf 89' lang='lat' dir='ltr'><strong>lapilli</strong></span> <span class='ocrx_word' id='word_1_63' title='bbox 531 2073 693 2151; x_wconf 76' lang='lat' dir='ltr'><strong>rarissimi</strong></span> <span class='ocrx_word' id='word_1_64' title='bbox 708 2079 896 2164; x_wconf 82' lang='lat' dir='ltr'><strong>ornabant3</strong></span> <span class='ocrx_word' id='word_1_65' title='bbox 917 2079 1064 2152; x_wconf 85' lang='lat' dir='ltr'><strong>densum</strong></span> <span class='ocrx_word' id='word_1_66' title='bbox 1078 2085 1153 2151; x_wconf 89' lang='lat' dir='ltr'><strong>erat</strong></span> <span class='ocrx_word' id='word_1_67' title='bbox 1165 2079 1317 2164; x_wconf 89' lang='lat' dir='ltr'><strong>undique</strong></span> 
     </span>
     <span class='ocr_line' id='line_1_11' title="bbox 315 2195 1317 2281; baseline 0.002 -14"><span class='ocrx_word' id='word_1_68' title='bbox 315 2195 508 2281; x_wconf 86' lang='lat' dir='ltr'><strong>dumetum,</strong></span> <span class='ocrx_word' id='word_1_69' title='bbox 537 2196 598 2268; x_wconf 88' lang='lat' dir='ltr'><strong>sed</strong></span> <span class='ocrx_word' id='word_1_70' title='bbox 623 2196 734 2268; x_wconf 84' lang='lat' dir='ltr'><strong>damae</strong></span> <span class='ocrx_word' id='word_1_71' title='bbox 758 2197 910 2268; x_wconf 91' lang='lat' dir='ltr'><strong>vicinum</strong></span> <span class='ocrx_word' id='word_1_72' title='bbox 931 2219 1069 2268; x_wconf 91' lang='lat' dir='ltr'><strong>amnem</strong></span> <span class='ocrx_word' id='word_1_73' title='bbox 1092 2198 1317 2281; x_wconf 79' lang='lat' dir='ltr'><strong>frequentan-</strong></span> 
     </span>
     <span class='ocr_line' id='line_1_12' title="bbox 315 2314 1316 2400; baseline 0 -14"><span class='ocrx_word' id='word_1_74' title='bbox 315 2319 379 2398; x_wconf 89' lang='lat' dir='ltr'><strong>tes,</strong></span> <span class='ocrx_word' id='word_1_75' title='bbox 393 2314 513 2386; x_wconf 83' lang='lat' dir='ltr'><strong>callem</strong></span> <span class='ocrx_word' id='word_1_76' title='bbox 526 2314 744 2386; x_wconf 86' lang='lat' dir='ltr'><strong>extriverunt</strong></span> <span class='ocrx_word' id='word_1_77' title='bbox 759 2336 863 2398; x_wconf 88' lang='lat' dir='ltr'><strong>quem</strong></span> <span class='ocrx_word' id='word_1_78' title='bbox 877 2322 997 2386; x_wconf 87' lang='lat' dir='ltr'><strong>secuta</strong></span> <span class='ocrx_word' id='word_1_79' title='bbox 1009 2315 1101 2386; x_wconf 82' lang='lat' dir='ltr'><strong>Elisa</strong></span> <span class='ocrx_word' id='word_1_80' title='bbox 1123 2315 1168 2387; x_wconf 89' lang='lat' dir='ltr'><strong>ad</strong></span> <span class='ocrx_word' id='word_1_81' title='bbox 1190 2315 1316 2400; x_wconf 79' lang='lat' dir='ltr'><strong>margi-</strong></span> 
     </span>
     <span class='ocr_line' id='line_1_13' title="bbox 314 2431 1317 2516; baseline 0.002 -14"><span class='ocrx_word' id='word_1_82' title='bbox 314 2452 395 2502; x_wconf 91' lang='lat' dir='ltr'><strong>nem</strong></span> <span class='ocrx_word' id='word_1_83' title='bbox 408 2431 518 2502; x_wconf 86' lang='lat' dir='ltr'><strong>amnis</strong></span> <span class='ocrx_word' id='word_1_84' title='bbox 532 2432 699 2516; x_wconf 90' lang='lat' dir='ltr'><strong>pervenit.</strong></span> <span class='ocrx_word' id='word_1_85' title='bbox 720 2432 821 2516; x_wconf 85' lang='lat' dir='ltr'><strong>Aqua</strong></span> <span class='ocrx_word' id='word_1_86' title='bbox 834 2432 871 2503; x_wconf 90' lang='lat' dir='ltr'><strong>in</strong></span> <span class='ocrx_word' id='word_1_87' title='bbox 882 2453 984 2502; x_wconf 87' lang='lat' dir='ltr'><strong>amne</strong></span> <span class='ocrx_word' id='word_1_88' title='bbox 998 2432 1048 2503; x_wconf 88' lang='lat' dir='ltr'><strong>ita</strong></span> <span class='ocrx_word' id='word_1_89' title='bbox 1062 2439 1138 2504; x_wconf 90' lang='lat' dir='ltr'><strong>erat</strong></span> <span class='ocrx_word' id='word_1_90' title='bbox 1163 2433 1256 2504; x_wconf 88' lang='lat' dir='ltr'><strong>clara</strong></span> <span class='ocrx_word' id='word_1_91' title='bbox 1276 2453 1317 2504; x_wconf 89' lang='lat' dir='ltr'><strong>ac</strong></span> 
     </span>
     <span class='ocr_line' id='line_1_14' title="bbox 314 2549 1317 2635; baseline 0.002 -15"><span class='ocrx_word' id='word_1_92' title='bbox 314 2549 462 2634; x_wconf 86' lang='lat' dir='ltr'><strong>limpida,</strong></span> <span class='ocrx_word' id='word_1_93' title='bbox 477 2549 595 2633; x_wconf 89' lang='lat' dir='ltr'><strong>itaque</strong></span> <span class='ocrx_word' id='word_1_94' title='bbox 609 2549 801 2633; x_wconf 84' lang='lat' dir='ltr'><strong>tranquilla,</strong></span> <span class='ocrx_word' id='word_1_95' title='bbox 824 2555 867 2620; x_wconf 89' lang='lat' dir='ltr'><strong>ut</strong></span> <span class='ocrx_word' id='word_1_96' title='bbox 887 2550 952 2620; x_wconf 86' lang='lat' dir='ltr'><strong>nisi</strong></span> <span class='ocrx_word' id='word_1_97' title='bbox 966 2550 1111 2622; x_wconf 84' lang='lat' dir='ltr'><strong>frutices</strong></span> <span class='ocrx_word' id='word_1_98' title='bbox 1124 2550 1161 2620; x_wconf 93' lang='lat' dir='ltr'><strong>in</strong></span> <span class='ocrx_word' id='word_1_99' title='bbox 1176 2549 1258 2635; x_wconf 90' lang='lat' dir='ltr'><strong>ripis</strong></span> <span class='ocrx_word' id='word_1_100' title='bbox 1272 2551 1317 2622; x_wconf 91' lang='lat' dir='ltr'><strong>le·</strong></span> 
     </span>
     <span class='ocr_line' id='line_1_15' title="bbox 313 2665 1317 2752; baseline 0.002 -14"><span class='ocrx_word' id='word_1_101' title='bbox 313 2665 416 2739; x_wconf 92' lang='lat' dir='ltr'><strong>nibus</strong></span> <span class='ocrx_word' id='word_1_102' title='bbox 428 2665 545 2738; x_wconf 86' lang='lat' dir='ltr'><strong>flabris</strong></span> <span class='ocrx_word' id='word_1_103' title='bbox 556 2666 699 2750; x_wconf 77' lang='lat' dir='ltr'><strong>agitatae</strong></span> <span class='ocrx_word' id='word_1_104' title='bbox 710 2667 871 2751; x_wconf 77' lang='lat' dir='ltr'><strong>nussent,</strong></span> <span class='ocrx_word' id='word_1_105' title='bbox 881 2667 1094 2752; x_wconf 89' lang='lat' dir='ltr'><strong>superficiem</strong></span> <span class='ocrx_word' id='word_1_106' title='bbox 1104 2667 1231 2752; x_wconf 87' lang='lat' dir='ltr'><strong>pictam</strong></span> <span class='ocrx_word' id='word_1_107' title='bbox 1241 2673 1317 2740; x_wconf 89' lang='lat' dir='ltr'><strong>tan·</strong></span> 
     </span>
     <span class='ocr_line' id='line_1_16' title="bbox 312 2783 1317 2869; baseline 0 -13"><span class='ocrx_word' id='word_1_108' title='bbox 312 2791 390 2856; x_wconf 90' lang='lat' dir='ltr'><strong>tum</strong></span> <span class='ocrx_word' id='word_1_109' title='bbox 404 2805 478 2856; x_wconf 87' lang='lat' dir='ltr'><strong>esse</strong></span> <span class='ocrx_word' id='word_1_110' title='bbox 493 2783 715 2868; x_wconf 84' lang='lat' dir='ltr'><strong>existimares,</strong></span> <span class='ocrx_word' id='word_1_111' title='bbox 729 2784 1004 2868; x_wconf 90' lang='lat' dir='ltr'><strong>quandoquidem</strong></span> <span class='ocrx_word' id='word_1_112' title='bbox 1018 2791 1143 2856; x_wconf 91' lang='lat' dir='ltr'><strong>cuncta</strong></span> <span class='ocrx_word' id='word_1_113' title='bbox 1153 2791 1190 2857; x_wconf 90' lang='lat' dir='ltr'><strong>et</strong></span> <span class='ocrx_word' id='word_1_114' title='bbox 1199 2785 1317 2869; x_wconf 75' lang='lat' dir='ltr'><strong>sinqu-</strong></span> 
     </span>
     <span class='ocr_line' id='line_1_17' title="bbox 313 2900 1315 2986; baseline 0.001 -14"><span class='ocrx_word' id='word_1_115' title='bbox 313 2901 348 2973; x_wconf 91' lang='lat' dir='ltr'><strong>la</strong></span> <span class='ocrx_word' id='word_1_116' title='bbox 359 2901 445 2973; x_wconf 80' lang='lat' dir='ltr'><strong>folia</strong></span> <span class='ocrx_word' id='word_1_117' title='bbox 459 2921 500 2972; x_wconf 89' lang='lat' dir='ltr'><strong>ac</strong></span> <span class='ocrx_word' id='word_1_118' title='bbox 513 2900 663 2984; x_wconf 81' lang='lat' dir='ltr'><strong>frondes,</strong></span> <span class='ocrx_word' id='word_1_119' title='bbox 677 2900 802 2973; x_wconf 87' lang='lat' dir='ltr'><strong>sivein</strong></span> <span class='ocrx_word' id='word_1_120' title='bbox 815 2902 884 2973; x_wconf 85' lang='lat' dir='ltr'><strong>sole</strong></span> <span class='ocrx_word' id='word_1_121' title='bbox 898 2901 1069 2986; x_wconf 87' lang='lat' dir='ltr'><strong>micantia,</strong></span> <span class='ocrx_word' id='word_1_122' title='bbox 1080 2901 1153 2973; x_wconf 84' lang='lat' dir='ltr'><strong>sive</strong></span> <span class='ocrx_word' id='word_1_123' title='bbox 1164 2901 1229 2973; x_wconf 89' lang='lat' dir='ltr'><strong>sub</strong></span> <span class='ocrx_word' id='word_1_124' title='bbox 1240 2923 1315 2973; x_wconf 93' lang='lat' dir='ltr'><strong>um·</strong></span> 
     </span>
     <span class='ocr_line' id='line_1_18' title="bbox 314 3017 1075 3102; baseline -0.001 -11"><span class='ocrx_word' id='word_1_125' title='bbox 314 3019 378 3091; x_wconf 88' lang='lat' dir='ltr'><strong>bra</strong></span> <span class='ocrx_word' id='word_1_126' title='bbox 392 3017 545 3102; x_wconf 85' lang='lat' dir='ltr'><strong>latentia,</strong></span> <span class='ocrx_word' id='word_1_127' title='bbox 559 3019 814 3090; x_wconf 87' lang='lat' dir='ltr'><strong>accuratissime</strong></span> <span class='ocrx_word' id='word_1_128' title='bbox 827 3019 1075 3090; x_wconf 80' lang='lat' dir='ltr'><strong>reverberaret</strong></span> 
     </span>
    </p>

    <p class='ocr_par' dir='ltr' id='par_1_4' title="bbox 312 3135 1318 4161">
     <span class='ocr_line' id='line_1_19' title="bbox 397 3135 1318 3222; baseline 0 -13"><span class='ocrx_word' id='word_1_129' title='bbox 397 3136 625 3220; x_wconf 88' lang='lat' dir='ltr'><strong>Simulatque</strong></span> <span class='ocrx_word' id='word_1_130' title='bbox 640 3135 732 3207; x_wconf 82' lang='lat' dir='ltr'><strong>Eliso</strong></span> <span class='ocrx_word' id='word_1_131' title='bbox 746 3136 865 3207; x_wconf 76' lang='lat' dir='ltr'><strong>vultis</strong></span> <span class='ocrx_word' id='word_1_132' title='bbox 879 3136 932 3208; x_wconf 89' lang='lat' dir='ltr'><strong>sui</strong></span> <span class='ocrx_word' id='word_1_133' title='bbox 957 3136 1143 3222; x_wconf 77' lang='lat' dir='ltr'><strong>imaginem</strong></span> <span class='ocrx_word' id='word_1_134' title='bbox 1168 3137 1205 3208; x_wconf 88' lang='lat' dir='ltr'><strong>in</strong></span> <span class='ocrx_word' id='word_1_135' title='bbox 1226 3157 1318 3221; x_wconf 86' lang='lat' dir='ltr'><strong>aqua</strong></span> 
     </span>
     <span class='ocr_line' id='line_1_20' title="bbox 314 3252 1316 3340; baseline -0.004 -12"><span class='ocrx_word' id='word_1_136' title='bbox 314 3255 484 3340; x_wconf 85' lang='lat' dir='ltr'><strong>depictam</strong></span> <span class='ocrx_word' id='word_1_137' title='bbox 498 3253 683 3338; x_wconf 84' lang='lat' dir='ltr'><strong>conspexit,</strong></span> <span class='ocrx_word' id='word_1_138' title='bbox 698 3252 886 3338; x_wconf 85' lang='lat' dir='ltr'><strong>obstupuit,</strong></span> <span class='ocrx_word' id='word_1_139' title='bbox 910 3253 960 3325; x_wconf 89' lang='lat' dir='ltr'><strong>ita</strong></span> <span class='ocrx_word' id='word_1_140' title='bbox 980 3260 1094 3324; x_wconf 88' lang='lat' dir='ltr'><strong>atram</strong></span> <span class='ocrx_word' id='word_1_141' title='bbox 1117 3275 1158 3324; x_wconf 91' lang='lat' dir='ltr'><strong>ac</strong></span> <span class='ocrx_word' id='word_1_142' title='bbox 1179 3260 1316 3338; x_wconf 86' lang='lat' dir='ltr'><strong>turpem</strong></span> 
     </span>
     <span class='ocr_line' id='line_1_21' title="bbox 312 3369 1318 3456; baseline -0.001 -11"><span class='ocrx_word' id='word_1_143' title='bbox 312 3393 390 3446; x_wconf 86' lang='lat' dir='ltr'><strong>eam</strong></span> <span class='ocrx_word' id='word_1_144' title='bbox 404 3369 646 3456; x_wconf 84' lang='lat' dir='ltr'><strong>deprebendit;</strong></span> <span class='ocrx_word' id='word_1_145' title='bbox 667 3392 775 3455; x_wconf 94' lang='lat' dir='ltr'><strong>quum</strong></span> <span class='ocrx_word' id='word_1_146' title='bbox 788 3377 907 3442; x_wconf 85' lang='lat' dir='ltr'><strong>tamen</strong></span> <span class='ocrx_word' id='word_1_147' title='bbox 920 3391 1045 3442; x_wconf 87' lang='lat' dir='ltr'><strong>manus</strong></span> <span class='ocrx_word' id='word_1_148' title='bbox 1059 3391 1140 3442; x_wconf 87' lang='lat' dir='ltr'><strong>suas</strong></span> <span class='ocrx_word' id='word_1_149' title='bbox 1154 3371 1318 3456; x_wconf 84' lang='lat' dir='ltr'><strong>parvulas</strong></span> 
     </span>
     <span class='ocr_line' id='line_1_22' title="bbox 313 3487 1317 3576; baseline -0.005 -14"><span class='ocrx_word' id='word_1_150' title='bbox 313 3511 414 3576; x_wconf 86' lang='lat' dir='ltr'><strong>aquae</strong></span> <span class='ocrx_word' id='word_1_151' title='bbox 427 3487 578 3572; x_wconf 89' lang='lat' dir='ltr'><strong>intinxit,</strong></span> <span class='ocrx_word' id='word_1_152' title='bbox 592 3494 627 3558; x_wconf 88' lang='lat' dir='ltr'><strong>et</strong></span> <span class='ocrx_word' id='word_1_153' title='bbox 641 3489 757 3559; x_wconf 86' lang='lat' dir='ltr'><strong>oculos</strong></span> <span class='ocrx_word' id='word_1_154' title='bbox 769 3493 876 3572; x_wconf 87' lang='lat' dir='ltr'><strong>atque</strong></span> <span class='ocrx_word' id='word_1_155' title='bbox 891 3488 1072 3572; x_wconf 86' lang='lat' dir='ltr'><strong>supercilia</strong></span> <span class='ocrx_word' id='word_1_156' title='bbox 1092 3487 1317 3571; x_wconf 83' lang='lat' dir='ltr'><strong>humectavit,</strong></span> 
     </span>
     <span class='ocr_line' id='line_1_23' title="bbox 314 3604 1317 3690; baseline -0.003 -10"><span class='ocrx_word' id='word_1_157' title='bbox 314 3616 350 3680; x_wconf 93' lang='lat' dir='ltr'><strong>et</strong></span> <span class='ocrx_word' id='word_1_158' title='bbox 365 3605 537 3690; x_wconf 81' lang='lat' dir='ltr'><strong>defricuit,</strong></span> <span class='ocrx_word' id='word_1_159' title='bbox 552 3605 643 3677; x_wconf 91' lang='lat' dir='ltr'><strong>cutis</strong></span> <span class='ocrx_word' id='word_1_160' title='bbox 657 3627 721 3676; x_wconf 89' lang='lat' dir='ltr'><strong>sua</strong></span> <span class='ocrx_word' id='word_1_161' title='bbox 731 3605 858 3676; x_wconf 89' lang='lat' dir='ltr'><strong>iterum</strong></span> <span class='ocrx_word' id='word_1_162' title='bbox 870 3605 1059 3678; x_wconf 68' lang='lat' dir='ltr'><strong>roeanduit</strong></span> <span class='ocrx_word' id='word_1_163' title='bbox 1071 3604 1216 3677; x_wconf 87' lang='lat' dir='ltr'><strong>Proinde</strong></span> <span class='ocrx_word' id='word_1_164' title='bbox 1225 3605 1317 3677; x_wconf 84' lang='lat' dir='ltr'><strong>Elisa</strong></span> 
     </span>
     <span class='ocr_line' id='line_1_24' title="bbox 312 3721 1316 3809; baseline -0.004 -11"><span class='ocrx_word' id='word_1_165' title='bbox 312 3747 350 3798; x_wconf 87' lang='lat' dir='ltr'><strong>se</strong></span> <span class='ocrx_word' id='word_1_166' title='bbox 374 3725 480 3809; x_wconf 83' lang='lat' dir='ltr'><strong>exuit,</strong></span> <span class='ocrx_word' id='word_1_167' title='bbox 494 3723 637 3794; x_wconf 85' lang='lat' dir='ltr'><strong>intravit</strong></span> <span class='ocrx_word' id='word_1_168' title='bbox 661 3729 848 3807; x_wconf 76' lang='lat' dir='ltr'><strong>aquomst</strong></span> <span class='ocrx_word' id='word_1_169' title='bbox 871 3745 952 3795; x_wconf 88' lang='lat' dir='ltr'><strong>mox</strong></span> <span class='ocrx_word' id='word_1_170' title='bbox 974 3744 1075 3795; x_wconf 88' lang='lat' dir='ltr'><strong>omne</strong></span> <span class='ocrx_word' id='word_1_171' title='bbox 1095 3722 1230 3794; x_wconf 80' lang='lat' dir='ltr'><strong>foedum</strong></span> <span class='ocrx_word' id='word_1_172' title='bbox 1243 3721 1316 3808; x_wconf 77' lang='lat' dir='ltr'><strong>pig·</strong></span> 
     </span>
     <span class='ocr_line' id='line_1_25' title="bbox 314 3839 1315 3924; baseline -0.004 -10"><span class='ocrx_word' id='word_1_173' title='bbox 314 3847 472 3914; x_wconf 87' lang='lat' dir='ltr'><strong>mentum</strong></span> <span class='ocrx_word' id='word_1_174' title='bbox 495 3841 545 3911; x_wconf 87' lang='lat' dir='ltr'><strong>ita</strong></span> <span class='ocrx_word' id='word_1_175' title='bbox 560 3841 694 3912; x_wconf 89' lang='lat' dir='ltr'><strong>elutum</strong></span> <span class='ocrx_word' id='word_1_176' title='bbox 719 3847 782 3924; x_wconf 86' lang='lat' dir='ltr'><strong>eat,</strong></span> <span class='ocrx_word' id='word_1_177' title='bbox 797 3839 947 3912; x_wconf 87' lang='lat' dir='ltr'><strong>utnulla</strong></span> <span class='ocrx_word' id='word_1_178' title='bbox 962 3840 1057 3924; x_wconf 73' lang='lat' dir='ltr'><strong>regia</strong></span> <span class='ocrx_word' id='word_1_179' title='bbox 1070 3839 1140 3911; x_wconf 87' lang='lat' dir='ltr'><strong>filia</strong></span> <span class='ocrx_word' id='word_1_180' title='bbox 1163 3839 1315 3911; x_wconf 92' lang='lat' dir='ltr'><strong>inomni</strong></span> 
     </span>
     <span class='ocr_line' id='line_1_26' title="bbox 313 3957 1315 4043; baseline -0.003 -12"><span class='ocrx_word' id='word_1_181' title='bbox 313 3959 397 4032; x_wconf 87' lang='lat' dir='ltr'><strong>orbe</strong></span> <span class='ocrx_word' id='word_1_182' title='bbox 430 3965 602 4030; x_wconf 62' lang='lat' dir='ltr'><strong>tertuum</strong></span> <span class='ocrx_word' id='word_1_183' title='bbox 629 3961 672 4030; x_wconf 77' lang='lat' dir='ltr'><strong>ed</strong></span> <span class='ocrx_word' id='word_1_184' title='bbox 700 3957 837 4029; x_wconf 89' lang='lat' dir='ltr'><strong>nitidior</strong></span> <span class='ocrx_word' id='word_1_185' title='bbox 866 3979 906 4029; x_wconf 90' lang='lat' dir='ltr'><strong>ac</strong></span> <span class='ocrx_word' id='word_1_186' title='bbox 933 3957 1105 4043; x_wconf 82' lang='lat' dir='ltr'><strong>pulchrior</strong></span> <span class='ocrx_word' id='word_1_187' title='bbox 1138 3957 1315 4042; x_wconf 80' lang='lat' dir='ltr'><strong>praedicari</strong></span> 
     </span>
     <span class='ocr_line' id='line_1_27' title="bbox 312 4083 438 4161; baseline -0.016 -13"><span class='ocrx_word' id='word_1_188' title='bbox 312 4083 438 4161; x_wconf 80' lang='lat' dir='ltr'><strong>posset</strong></span> 
     </span>
    </p>

    <p class='ocr_par' dir='ltr' id='par_1_5' title="bbox 397 4191 1316 4278">
     <span class='ocr_line' id='line_1_28' title="bbox 397 4191 1316 4278; baseline -0.002 -15"><span class='ocrx_word' id='word_1_189' title='bbox 397 4193 585 4278; x_wconf 88' lang='lat' dir='ltr'><strong>Postquam</strong></span> <span class='ocrx_word' id='word_1_190' title='bbox 599 4213 636 4264; x_wconf 87' lang='lat' dir='ltr'><strong>se</strong></span> <span class='ocrx_word' id='word_1_191' title='bbox 650 4191 775 4264; x_wconf 86' lang='lat' dir='ltr'><strong>iterum</strong></span> <span class='ocrx_word' id='word_1_192' title='bbox 788 4191 959 4274; x_wconf 87' lang='lat' dir='ltr'><strong>induerat,</strong></span> <span class='ocrx_word' id='word_1_193' title='bbox 973 4191 1181 4276; x_wconf 84' lang='lat' dir='ltr'><strong>densamque</strong></span> <span class='ocrx_word' id='word_1_194' title='bbox 1195 4211 1236 4262; x_wconf 90' lang='lat' dir='ltr'><strong>ac</strong></span> <span class='ocrx_word' id='word_1_195' title='bbox 1245 4191 1316 4262; x_wconf 88' lang='lat' dir='ltr'><strong>lon-</strong></span> 
     </span>
    </p>
   </div>
   <div class='ocr_carea' id='block_1_4' title="bbox 0 0 1782 5156">
    <p class='ocr_par' dir='ltr' id='par_1_6' title="bbox 0 0 1782 5156">
     <span class='ocr_line' id='line_1_29' title="bbox 0 0 1782 5156; baseline 0 1"><span class='ocrx_word' id='word_1_196' title='bbox 0 0 1782 5156; x_wconf 95' lang='lat' dir='ltr'><strong> </strong></span> 
     </span>
    </p>
   </div>
  </div>
 </body>
</html>
