3540 5156
696 975 800 1028 amon
820 975 869 1028 er
890 974 1025 1030 esrcnn
1299 959 1361 1030 155

362 1142 444 1212 Deae
469 1143 686 1226 deseruntur,
711 1143 840 1227 templa
864 1143 1123 1226 deformantur;
1155 1143 1362 1228 pulvinaria⁸

361 1266 603 1342 proteruntur;
624 1260 828 1330 eaen'moniae
842 1260 1084 1344 negliguntrm
1105 1259 1304 1330 incoronata
1318 1261 1362 1330 si·

364 1376 525 1459 mulacra,
541 1383 578 1446 et
590 1397 661 1446 arae
676 1377 802 1447 viduae⁰
816 1376 944 1460 frigido
958 1377 1070 1448 cinere
1084 1377 1235 1448 foedalae.
1264 1377 1359 1448 Puel-

360 1494 402 1563 1ae
416 1491 637 1577 supplicatur,
663 1511 699 1563 et
723 1494 758 1562 in
783 1493 944 1564 humanis
969 1493 1122 1564 vultibus
1146 1495 1228 1564 Deae
1253 1501 1363 1564 tantae

360 1611 503 1681 numina
516 1611 705 1694 placantur,
713 1617 749 1680 et
763 1611 799 1680 in
815 1611 984 1681 matutino
995 1616 1204 1694 progressu¹⁰
1219 1611 1364 1694 virginis

359 1726 508 1796 victimis
523 1733 558 1796 et
572 1727 683 1810 epulis
694 1729 836 1798 Veneris
849 1728 1136 1798 absentisnumen
1147 1728 1363 1811 propitiatur.

361 1843 500 1926 Iamque
514 1865 576 1927 per
590 1845 745 1927 plateas¹¹
759 1851 1008 1914 commeantem
1032 1845 1149 1928 populi
1162 1845 1363 1928 frequenter

360 1960 502 2031 floribus
515 1960 624 2043 sertis,
639 1966 674 2030 et
688 1961 808 2032 solutis
822 1969 1061 2045 apprecantur.

443 2095 525 2166 Haec
540 2095 708 2165 honorum
728 2097 918 2166 eoelestium
933 2096 976 2166 ad
992 2096 1114 2180 puellae
1127 2097 1280 2166 mortalis
1293 2097 1362 2167 cul-

359 2219 436 2282 tum
450 2211 630 2282 immodica
643 2212 831 2295 translatio,
854 2234 947 2283 verae
972 2213 1115 2284 Veneris
1142 2214 1364 2283 vehementes

360 2329 511 2400 incendit
531 2329 679 2412 animos;
701 2337 746 2412 et,
772 2330 953 2414 Impatiens
976 2330 1230 2414 indignationis,
1252 2330 1363 2413 capite

361 2448 536 2530 quassanti
550 2447 702 2517 fremens
715 2447 828 2530 altius,
843 2447 891 2518 sic
905 2469 1022 2518 secum
1042 2447 1195 2517 disserit:
1218 2445 1291 2517 “En
1313 2469 1363 2517 re·

360 2585 438 2636 rum
452 2571 588 2635 naturae
602 2564 713 2648 prisca
726 2586 859 2649 parens,
886 2586 929 2634 en
944 2565 1191 2635 elementorum
1205 2564 1301 2648 origo
1315 2564 1364 2633 in·

360 2681 471 2764 itialis,
487 2703 531 2752 en
545 2681 636 2752 orbis
651 2683 758 2752 totius
772 2682 862 2753 alma
876 2683 1004 2764 Venus,
1026 2703 1106 2765 quae
1130 2703 1208 2753 cum
1229 2681 1365 2753 mortali

361 2800 475 2884 puella
488 2799 675 2883 partiario¹²
690 2800 878 2870 maiestatis
892 2800 1021 2871 honore
1036 2799 1182 2870 tractor!
1193 2808 1229 2870 et
1239 2821 1364 2870 nomen

460 3121 485 3172 8.
503 3117 660 3182 Pulvinor,
677 3117 724 3180 -ia,
738 3133 781 3182 re,
805 3119 880 3180 sella,
898 3133 1048 3180 scamnum,
1068 3119 1220 3184 grabamm,
1241 3121 1366 3170 tomento

361 3203 511 3265 efferetum,
523 3204 651 3265 farctum,
663 3207 695 3255 ut
706 3203 740 3255 ad
754 3202 901 3256 sedendum
914 3207 981 3254 ante
992 3207 1099 3255 metuas
1112 3202 1239 3264 Deorum,
1256 3201 1285 3252 in
1299 3205 1366 3253 tem·

361 3288 414 3353 plis
427 3287 553 3348 Deorum,
567 3286 724 3340 sedentibus
737 3287 773 3339 sit
784 3285 876 3339 mollis
889 3286 982 3338 sessio

460 3372 485 3426 9.
507 3369 633 3433 vidum,
649 3385 770 3434 o,‹um,·
795 3370 839 3422 vir
860 3370 938 3422 cuins
957 3385 1025 3422 uxor
1043 3374 1150 3422 mortua
1171 3373 1221 3430 est,
1241 3365 1361 3429 uiduus,

361 3457 459 3509 mulier
470 3459 532 3521 post
545 3459 661 3508 mortem
674 3454 766 3507 mariti
779 3451 872 3506 vidua
888 3453 1050 3519 appellatum
1068 3452 1114 3506 hic
1126 3467 1208 3506 sensu
1220 3451 1366 3511 translato,

362 3538 518 3606 figurativo,
529 3555 577 3591 ara
590 3538 650 3592 sine
663 3537 728 3604 igne
741 3543 769 3590 et
780 3536 923 3598 sacrificio,
937 3541 979 3590 est
990 3534 1092 3590 viden

465 3623 506 3674 10.
527 3623 616 3685 Quum
629 3621 683 3674 ieta
695 3620 810 3686 pulchra
820 3621 912 3685 puella
924 3635 1005 3672 mane
1018 3619 1116 3686 prodit,
1127 3618 1184 3672 exit
1205 3618 1285 3670 domo
1309 3633 1366 3670 sum

462 3708 502 3758 11.
519 3704 634 3768 Plotae,
648 3719 690 3768 -re,
705 3704 753 3757 via
764 3704 847 3757 latior
858 3703 887 3756 in
901 3704 975 3765 urbe,
988 3703 1032 3756 uti
1051 3703 1165 3756 “Platea
1185 3701 1316 3764 Quinta,''
1334 3727 1367 3736 -

365 3790 546 3851 incedentem,
558 3789 752 3842 ambulantem.
965 3783 968 3790 ’

462 3875 502 3926 12.
519 3870 705 3935 Partim-ius,
723 3886 764 3934 -a,
779 3886 853 3935 mm,
868 3871 1000 3939 quidquid
1012 3870 1145 3936 partitum
1157 3875 1206 3932 eet,
1218 3883 1274 3921 non
1300 3868 1370 3920 inte

361 3956 585 4024 grammaticus,
596 3955 644 4022 qui
656 3971 753 4022 agrum
766 3955 887 4008 alienum
899 3955 974 4017 colit,
984 3959 1012 4006 et
1023 3959 1127 4020 partem
1139 3953 1289 4019 proventus
1300 3951 1368 4004 aeci·

363 4041 414 4107 pit,
427 4047 469 4094 eet
482 4040 671 4106 “partiarius''
688 4039 739 4092 Hic
753 4040 849 4092 eodem
870 4037 951 4090 modo
972 4037 1066 4090 Venus
1085 4037 1201 4103 lingitur
1223 4051 1281 4088 non
1303 4035 1371 4087 inte

364 4139 452 4190 grum,
461 4129 494 4176 ut
502 4124 620 4184 deberet,
632 4123 678 4176 sed
691 4123 851 4189 partiarium
860 4122 985 4176 obtinere
996 4120 1135 4182 honorem,
1148 4120 1216 4183 quia
1229 4118 1317 4171 honor
1329 4118 1369 4170 in·

358 4212 405 4261 ter
420 4223 457 4270 ee,
470 4213 555 4272 atque
566 4207 684 4272 puellam
695 4211 852 4259 terrestrem
864 4205 970 4258 divisus
981 4210 1048 4257 erat.
