<?xml version="1.0" encoding="UTF-8"?>
<!DOCTYPE html PUBLIC "-//W3C//DTD XHTML 1.0 Transitional//EN"
    "http://www.w3.org/TR/xhtml1/DTD/xhtml1-transitional.dtd">
<html xmlns="http://www.w3.org/1999/xhtml" xml:lang="en" lang="en">
 <head>
  <title>
</title>
<meta http-equiv="Content-Type" content="text/html;charset=utf-8" />
  <meta name='ocr-system' content='tesseract 3.04.00' />
  <meta name='ocr-capabilities' content='ocr_page ocr_carea ocr_par ocr_line ocrx_word'/>
</head>
<body>
  <div class='ocr_page' id='page_1' title='image "./fabuldivalesexn00apulgoog_0114.png"; bbox 0 0 3554 5156; ppageno 0'>
   <div class='ocr_carea' id='block_1_1' title="bbox 766 946 1387 1020">
    <p class='ocr_par' dir='ltr' id='par_1_1' title="bbox 766 946 1387 1020">
     <span class='ocr_line' id='line_1_1' title="bbox 766 946 1387 1020; baseline -0.003 0"><span class='ocrx_word' id='word_1_1' title='bbox 766 963 849 1020; x_wconf 80' lang='lat' dir='ltr'><strong>rnnr</strong></span> <span class='ocrx_word' id='word_1_2' title='bbox 870 963 1010 1020; x_wconf 80' lang='lat' dir='ltr'><strong>oronna</strong></span> <span class='ocrx_word' id='word_1_3' title='bbox 1324 946 1387 1018; x_wconf 82' lang='lat'><strong>103</strong></span> 
     </span>
    </p>
   </div>
   <div class='ocr_carea' id='block_1_2' title="bbox 388 1130 1396 1570">
    <p class='ocr_par' dir='ltr' id='par_1_2' title="bbox 388 1130 1396 1570">
     <span class='ocr_line' id='line_1_2' title="bbox 473 1130 1393 1218; baseline -0.002 -13"><span class='ocrx_word' id='word_1_4' title='bbox 473 1133 591 1218; x_wconf 74' lang='lat' dir='ltr'><strong>Usque</strong></span> <span class='ocrx_word' id='word_1_5' title='bbox 615 1138 691 1205; x_wconf 90' lang='lat' dir='ltr'><strong>erat</strong></span> <span class='ocrx_word' id='word_1_6' title='bbox 715 1130 867 1217; x_wconf 85' lang='lat' dir='ltr'><strong>primunr</strong></span> <span class='ocrx_word' id='word_1_7' title='bbox 892 1151 994 1202; x_wconf 87' lang='lat' dir='ltr'><strong>manc</strong></span> <span class='ocrx_word' id='word_1_8' title='bbox 1016 1151 1126 1215; x_wconf 86' lang='lat' dir='ltr'><strong>quum</strong></span> <span class='ocrx_word' id='word_1_9' title='bbox 1147 1130 1266 1202; x_wconf 80' lang='lat' dir='ltr'><strong>Oloree</strong></span> <span class='ocrx_word' id='word_1_10' title='bbox 1279 1131 1393 1203; x_wconf 91' lang='lat' dir='ltr'><strong>locum</strong></span> 
     </span>
     <span class='ocr_line' id='line_1_3' title="bbox 389 1244 1396 1336; baseline -0.004 -13"><span class='ocrx_word' id='word_1_11' title='bbox 389 1251 731 1336; x_wconf 79' lang='lat' dir='ltr'><strong>praetervolaverunt,</strong></span> <span class='ocrx_word' id='word_1_12' title='bbox 745 1248 807 1320; x_wconf 91' lang='lat' dir='ltr'><strong>ubi</strong></span> <span class='ocrx_word' id='word_1_13' title='bbox 820 1247 911 1320; x_wconf 74' lang='lat' dir='ltr'><strong>Elisa</strong></span> <span class='ocrx_word' id='word_1_14' title='bbox 924 1247 961 1320; x_wconf 87' lang='lat' dir='ltr'><strong>in</strong></span> <span class='ocrx_word' id='word_1_15' title='bbox 975 1249 1104 1320; x_wconf 76' lang='lat' dir='ltr'><strong>carula⁴</strong></span> <span class='ocrx_word' id='word_1_16' title='bbox 1118 1247 1237 1321; x_wconf 77' lang='lat' dir='ltr'><strong>rustici</strong></span> <span class='ocrx_word' id='word_1_17' title='bbox 1250 1244 1396 1321; x_wconf 86' lang='lat' dir='ltr'><strong>dormle·</strong></span> 
     </span>
     <span class='ocr_line' id='line_1_4' title="bbox 388 1365 1393 1452; baseline -0.004 -10"><span class='ocrx_word' id='word_1_18' title='bbox 388 1367 459 1442; x_wconf 87' lang='lat' dir='ltr'><strong>bat</strong></span> <span class='ocrx_word' id='word_1_19' title='bbox 473 1367 606 1452; x_wconf 78' lang='lat' dir='ltr'><strong>Sepias</strong></span> <span class='ocrx_word' id='word_1_20' title='bbox 618 1365 939 1440; x_wconf 83' lang='lat' dir='ltr'><strong>circumvolitabant</strong></span> <span class='ocrx_word' id='word_1_21' title='bbox 948 1365 985 1437; x_wconf 89' lang='lat' dir='ltr'><strong>in</strong></span> <span class='ocrx_word' id='word_1_22' title='bbox 996 1365 1132 1438; x_wconf 72' lang='lat' dir='ltr'><strong>sublimi</strong></span> <span class='ocrx_word' id='word_1_23' title='bbox 1142 1386 1249 1450; x_wconf 80' lang='lat' dir='ltr'><strong>cupre</strong></span> <span class='ocrx_word' id='word_1_24' title='bbox 1261 1371 1393 1438; x_wconf 84' lang='lat' dir='ltr'><strong>tectum</strong></span> 
     </span>
     <span class='ocr_line' id='line_1_5' title="bbox 390 1482 1392 1570; baseline -0.001 -13"><span class='ocrx_word' id='word_1_25' title='bbox 390 1507 488 1570; x_wconf 80' lang='lat' dir='ltr'><strong>caaae,</strong></span> <span class='ocrx_word' id='word_1_26' title='bbox 511 1486 615 1570; x_wconf 78' lang='lat' dir='ltr'><strong>longa</strong></span> <span class='ocrx_word' id='word_1_27' title='bbox 637 1485 723 1556; x_wconf 84' lang='lat' dir='ltr'><strong>collo</strong></span> <span class='ocrx_word' id='word_1_28' title='bbox 751 1482 1006 1568; x_wconf 81' lang='lat' dir='ltr'><strong>protendentes,</strong></span> <span class='ocrx_word' id='word_1_29' title='bbox 1035 1483 1165 1568; x_wconf 83' lang='lat' dir='ltr'><strong>aliaque</strong></span> <span class='ocrx_word' id='word_1_30' title='bbox 1188 1488 1392 1568; x_wconf 68' lang='lat' dir='ltr'><strong>strepentes,</strong></span> 
     </span>
    </p>
   </div>
   <div class='ocr_carea' id='block_1_3' title="bbox 386 1599 1417 3676">
    <p class='ocr_par' dir='ltr' id='par_1_3' title="bbox 390 1599 1397 2155">
     <span class='ocr_line' id='line_1_6' title="bbox 390 1599 1394 1684; baseline -0.002 -10"><span class='ocrx_word' id='word_1_31' title='bbox 390 1602 451 1674; x_wconf 83' lang='lat' dir='ltr'><strong>aed</strong></span> <span class='ocrx_word' id='word_1_32' title='bbox 464 1624 565 1674; x_wconf 92' lang='lat' dir='ltr'><strong>nemo</strong></span> <span class='ocrx_word' id='word_1_33' title='bbox 578 1623 637 1674; x_wconf 83' lang='lat' dir='ltr'><strong>eos</strong></span> <span class='ocrx_word' id='word_1_34' title='bbox 650 1601 723 1673; x_wconf 83' lang='lat' dir='ltr'><strong>sive</strong></span> <span class='ocrx_word' id='word_1_35' title='bbox 737 1600 896 1684; x_wconf 84' lang='lat' dir='ltr'><strong>videndo,</strong></span> <span class='ocrx_word' id='word_1_36' title='bbox 911 1599 984 1672; x_wconf 83' lang='lat' dir='ltr'><strong>sive</strong></span> <span class='ocrx_word' id='word_1_37' title='bbox 995 1600 1167 1673; x_wconf 90' lang='lat' dir='ltr'><strong>audiendo</strong></span> <span class='ocrx_word' id='word_1_38' title='bbox 1176 1599 1394 1672; x_wconf 84' lang='lat' dir='ltr'><strong>anirnadver·</strong></span> 
     </span>
     <span class='ocr_line' id='line_1_7' title="bbox 390 1716 1394 1804; baseline -0.004 -12"><span class='ocrx_word' id='word_1_39' title='bbox 390 1721 435 1792; x_wconf 89' lang='lat' dir='ltr'><strong>tit</strong></span> <span class='ocrx_word' id='word_1_40' title='bbox 443 1743 452 1804; x_wconf 88' lang='lat'>;</span> <span class='ocrx_word' id='word_1_41' title='bbox 473 1721 590 1804; x_wconf 85' lang='lat' dir='ltr'><strong>itaque</strong></span> <span class='ocrx_word' id='word_1_42' title='bbox 613 1739 751 1790; x_wconf 79' lang='lat' dir='ltr'><strong>neceeae</strong></span> <span class='ocrx_word' id='word_1_43' title='bbox 765 1724 891 1790; x_wconf 80' lang='lat' dir='ltr'><strong>cratae</strong></span> <span class='ocrx_word' id='word_1_44' title='bbox 904 1717 941 1788; x_wconf 92' lang='lat' dir='ltr'><strong>in</strong></span> <span class='ocrx_word' id='word_1_45' title='bbox 957 1717 1110 1802; x_wconf 84' lang='lat' dir='ltr'><strong>sublime,</strong></span> <span class='ocrx_word' id='word_1_46' title='bbox 1133 1738 1240 1803; x_wconf 90' lang='lat' dir='ltr'><strong>prope</strong></span> <span class='ocrx_word' id='word_1_47' title='bbox 1264 1716 1309 1788; x_wconf 88' lang='lat' dir='ltr'><strong>ad</strong></span> <span class='ocrx_word' id='word_1_48' title='bbox 1329 1738 1394 1788; x_wconf 92' lang='lat' dir='ltr'><strong>nu·</strong></span> 
     </span>
     <span class='ocr_line' id='line_1_8' title="bbox 391 1832 1397 1920; baseline -0.006 -10"><span class='ocrx_word' id='word_1_49' title='bbox 391 1837 452 1910; x_wconf 81' lang='lat' dir='ltr'><strong>bea</strong></span> <span class='ocrx_word' id='word_1_50' title='bbox 480 1836 646 1920; x_wconf 86' lang='lat' dir='ltr'><strong>attollere,</strong></span> <span class='ocrx_word' id='word_1_51' title='bbox 671 1841 709 1908; x_wconf 89' lang='lat' dir='ltr'><strong>et</strong></span> <span class='ocrx_word' id='word_1_52' title='bbox 733 1855 877 1920; x_wconf 75' lang='lat' dir='ltr'><strong>peregre</strong></span> <span class='ocrx_word' id='word_1_53' title='bbox 902 1835 1049 1907; x_wconf 84' lang='lat' dir='ltr'><strong>avolare.</strong></span> <span class='ocrx_word' id='word_1_54' title='bbox 1078 1833 1256 1906; x_wconf 85' lang='lat' dir='ltr'><strong>Proaecuti</strong></span> <span class='ocrx_word' id='word_1_55' title='bbox 1286 1832 1397 1918; x_wconf 78' lang='lat' dir='ltr'><strong>igitur</strong></span> 
     </span>
     <span class='ocr_line' id='line_1_9' title="bbox 390 1951 1395 2036; baseline -0.006 -10"><span class='ocrx_word' id='word_1_56' title='bbox 390 1959 473 2026; x_wconf 82' lang='lat' dir='ltr'><strong>aunt</strong></span> <span class='ocrx_word' id='word_1_57' title='bbox 486 1953 553 2024; x_wconf 92' lang='lat' dir='ltr'><strong>iter</strong></span> <span class='ocrx_word' id='word_1_58' title='bbox 566 1952 865 2025; x_wconf 82' lang='lat' dir='ltr'><strong>auumadveraum</strong></span> <span class='ocrx_word' id='word_1_59' title='bbox 878 1951 1059 2024; x_wconf 83' lang='lat' dir='ltr'><strong>latissimas</strong></span> <span class='ocrx_word' id='word_1_60' title='bbox 1084 1957 1246 2036; x_wconf 82' lang='lat' dir='ltr'><strong>atraeque</strong></span> <span class='ocrx_word' id='word_1_61' title='bbox 1269 1951 1395 2036; x_wconf 73' lang='lat' dir='ltr'><strong>sylvae,</strong></span> 
     </span>
     <span class='ocr_line' id='line_1_10' title="bbox 391 2067 1322 2155; baseline -0.004 -13"><span class='ocrx_word' id='word_1_62' title='bbox 391 2093 468 2155; x_wconf 84' lang='lat' dir='ltr'><strong>quae</strong></span> <span class='ocrx_word' id='word_1_63' title='bbox 481 2069 561 2141; x_wconf 92' lang='lat' dir='ltr'><strong>hinc</strong></span> <span class='ocrx_word' id='word_1_64' title='bbox 575 2069 621 2141; x_wconf 92' lang='lat' dir='ltr'><strong>ad</strong></span> <span class='ocrx_word' id='word_1_65' title='bbox 633 2069 751 2142; x_wconf 88' lang='lat' dir='ltr'><strong>littora</strong></span> <span class='ocrx_word' id='word_1_66' title='bbox 765 2069 870 2140; x_wconf 85' lang='lat' dir='ltr'><strong>maris</strong></span> <span class='ocrx_word' id='word_1_67' title='bbox 883 2091 994 2154; x_wconf 78' lang='lat' dir='ltr'><strong>usque</strong></span> <span class='ocrx_word' id='word_1_68' title='bbox 1009 2091 1046 2140; x_wconf 88' lang='lat' dir='ltr'><strong>ae</strong></span> <span class='ocrx_word' id='word_1_69' title='bbox 1059 2067 1322 2153; x_wconf 88' lang='lat' dir='ltr'><strong>protendebant.</strong></span> 
     </span>
    </p>

    <p class='ocr_par' dir='ltr' id='par_1_4' title="bbox 386 2184 1417 2972">
     <span class='ocr_line' id='line_1_11' title="bbox 474 2184 1397 2258; baseline -0.002 0"><span class='ocrx_word' id='word_1_70' title='bbox 474 2187 606 2258; x_wconf 85' lang='lat' dir='ltr'><strong>Misella</strong></span> <span class='ocrx_word' id='word_1_71' title='bbox 619 2187 711 2258; x_wconf 80' lang='lat' dir='ltr'><strong>Elisa</strong></span> <span class='ocrx_word' id='word_1_72' title='bbox 724 2193 806 2258; x_wconf 88' lang='lat' dir='ltr'><strong>ante</strong></span> <span class='ocrx_word' id='word_1_73' title='bbox 821 2186 962 2258; x_wconf 86' lang='lat' dir='ltr'><strong>ianuam</strong></span> <span class='ocrx_word' id='word_1_74' title='bbox 976 2207 1066 2258; x_wconf 81' lang='lat' dir='ltr'><strong>caaae</strong></span> <span class='ocrx_word' id='word_1_75' title='bbox 1080 2185 1263 2258; x_wconf 76' lang='lat' dir='ltr'><strong>rusticana</strong></span> <span class='ocrx_word' id='word_1_76' title='bbox 1274 2184 1397 2256; x_wconf 82' lang='lat' dir='ltr'><strong>sedens</strong></span> 
     </span>
     <span class='ocr_line' id='line_1_12' title="bbox 390 2300 1395 2386; baseline -0.004 -10"><span class='ocrx_word' id='word_1_77' title='bbox 390 2303 490 2376; x_wconf 82' lang='lat' dir='ltr'><strong>viridi</strong></span> <span class='ocrx_word' id='word_1_78' title='bbox 504 2303 587 2374; x_wconf 85' lang='lat' dir='ltr'><strong>tolio</strong></span> <span class='ocrx_word' id='word_1_79' title='bbox 601 2302 732 2374; x_wconf 85' lang='lat' dir='ltr'><strong>arboris</strong></span> <span class='ocrx_word' id='word_1_80' title='bbox 756 2323 793 2374; x_wconf 86' lang='lat' dir='ltr'><strong>se</strong></span> <span class='ocrx_word' id='word_1_81' title='bbox 815 2303 1051 2386; x_wconf 83' lang='lat' dir='ltr'><strong>diversitabat,</strong></span> <span class='ocrx_word' id='word_1_82' title='bbox 1076 2301 1168 2386; x_wconf 84' lang='lat' dir='ltr'><strong>quod</strong></span> <span class='ocrx_word' id='word_1_83' title='bbox 1191 2301 1276 2373; x_wconf 91' lang='lat' dir='ltr'><strong>nihil</strong></span> <span class='ocrx_word' id='word_1_84' title='bbox 1301 2300 1395 2373; x_wconf 91' lang='lat' dir='ltr'><strong>aliud</strong></span> 
     </span>
     <span class='ocr_line' id='line_1_13' title="bbox 389 2418 1395 2504; baseline -0.001 -12"><span class='ocrx_word' id='word_1_85' title='bbox 389 2419 510 2492; x_wconf 89' lang='lat' dir='ltr'><strong>ludicri</strong></span> <span class='ocrx_word' id='word_1_86' title='bbox 524 2419 684 2491; x_wconf 86' lang='lat' dir='ltr'><strong>habebat</strong></span> <span class='ocrx_word' id='word_1_87' title='bbox 705 2419 874 2490; x_wconf 88' lang='lat' dir='ltr'><strong>Foramen</strong></span> <span class='ocrx_word' id='word_1_88' title='bbox 888 2419 1086 2491; x_wconf 86' lang='lat' dir='ltr'><strong>terebrabat</strong></span> <span class='ocrx_word' id='word_1_89' title='bbox 1108 2419 1144 2490; x_wconf 91' lang='lat' dir='ltr'><strong>in</strong></span> <span class='ocrx_word' id='word_1_90' title='bbox 1166 2418 1250 2492; x_wconf 83' lang='lat' dir='ltr'><strong>folio</strong></span> <span class='ocrx_word' id='word_1_91' title='bbox 1270 2440 1311 2491; x_wconf 87' lang='lat' dir='ltr'><strong>ac</strong></span> <span class='ocrx_word' id='word_1_92' title='bbox 1331 2439 1395 2504; x_wconf 82' lang='lat' dir='ltr'><strong>per</strong></span> 
     </span>
     <span class='ocr_line' id='line_1_14' title="bbox 388 2535 1393 2620; baseline -0.002 -12"><span class='ocrx_word' id='word_1_93' title='bbox 388 2536 424 2608; x_wconf 94' lang='lat' dir='ltr'><strong>id</strong></span> <span class='ocrx_word' id='word_1_94' title='bbox 438 2537 544 2608; x_wconf 78' lang='lat' dir='ltr'><strong>solem</strong></span> <span class='ocrx_word' id='word_1_95' title='bbox 558 2536 809 2620; x_wconf 85' lang='lat' dir='ltr'><strong>speculabatur,</strong></span> <span class='ocrx_word' id='word_1_96' title='bbox 830 2557 899 2620; x_wconf 85' lang='lat' dir='ltr'><strong>quo</strong></span> <span class='ocrx_word' id='word_1_97' title='bbox 913 2557 950 2608; x_wconf 83' lang='lat' dir='ltr'><strong>se</strong></span> <span class='ocrx_word' id='word_1_98' title='bbox 965 2535 1118 2620; x_wconf 73' lang='lat' dir='ltr'><strong>fulgidos</strong></span> <span class='ocrx_word' id='word_1_99' title='bbox 1139 2537 1291 2608; x_wconf 78' lang='lat' dir='ltr'><strong>fratrum</strong></span> <span class='ocrx_word' id='word_1_100' title='bbox 1313 2555 1393 2606; x_wconf 92' lang='lat' dir='ltr'><strong>ocu·</strong></span> 
     </span>
     <span class='ocr_line' id='line_1_15' title="bbox 388 2651 1390 2738; baseline -0.003 -12"><span class='ocrx_word' id='word_1_101' title='bbox 388 2653 440 2726; x_wconf 86' lang='lat' dir='ltr'><strong>los</strong></span> <span class='ocrx_word' id='word_1_102' title='bbox 467 2652 585 2724; x_wconf 87' lang='lat' dir='ltr'><strong>videre</strong></span> <span class='ocrx_word' id='word_1_103' title='bbox 609 2651 780 2738; x_wconf 55' lang='lat' dir='ltr'><strong>fingebam</strong></span> <span class='ocrx_word' id='word_1_104' title='bbox 813 2660 850 2724; x_wconf 91' lang='lat' dir='ltr'><strong>et</strong></span> <span class='ocrx_word' id='word_1_105' title='bbox 874 2653 1009 2738; x_wconf 81' lang='lat' dir='ltr'><strong>quotics</strong></span> <span class='ocrx_word' id='word_1_106' title='bbox 1032 2653 1119 2724; x_wconf 89' lang='lat' dir='ltr'><strong>radii</strong></span> <span class='ocrx_word' id='word_1_107' title='bbox 1143 2654 1270 2725; x_wconf 79' lang='lat' dir='ltr'><strong>solares</strong></span> <span class='ocrx_word' id='word_1_108' title='bbox 1289 2653 1390 2737; x_wconf 88' lang='lat' dir='ltr'><strong>plene</strong></span> 
     </span>
     <span class='ocr_line' id='line_1_16' title="bbox 386 2769 1417 2855; baseline 0.007 -14"><span class='ocrx_word' id='word_1_109' title='bbox 386 2771 545 2855; x_wconf 78' lang='lat' dir='ltr'><strong>ingenae</strong></span> <span class='ocrx_word' id='word_1_110' title='bbox 563 2791 642 2842; x_wconf 80' lang='lat' dir='ltr'><strong>suaa</strong></span> <span class='ocrx_word' id='word_1_111' title='bbox 656 2769 861 2854; x_wconf 78' lang='lat' dir='ltr'><strong>figebantur,</strong></span> <span class='ocrx_word' id='word_1_112' title='bbox 886 2792 909 2841; x_wconf 92' lang='lat' dir='ltr'><strong>a</strong></span> <span class='ocrx_word' id='word_1_113' title='bbox 932 2771 1101 2844; x_wconf 72' lang='lat' dir='ltr'><strong>tratribus</strong></span> <span class='ocrx_word' id='word_1_114' title='bbox 1115 2769 1304 2843; x_wconf 79' lang='lat' dir='ltr'><strong>deosculari</strong></span> <span class='ocrx_word' id='word_1_115' title='bbox 1324 2769 1417 2848; x_wconf 84' lang='lat' dir='ltr'><strong>sibi.</strong></span> 
     </span>
     <span class='ocr_line' id='line_1_17' title="bbox 386 2885 624 2972; baseline 0 -14"><span class='ocrx_word' id='word_1_116' title='bbox 386 2885 624 2972; x_wconf 82' lang='lat' dir='ltr'><strong>persuadebat.</strong></span> 
     </span>
    </p>

    <p class='ocr_par' dir='ltr' id='par_1_5' title="bbox 387 3003 1395 3676">
     <span class='ocr_line' id='line_1_18' title="bbox 472 3003 1391 3089; baseline 0 -14"><span class='ocrx_word' id='word_1_117' title='bbox 472 3003 573 3075; x_wconf 84' lang='lat' dir='ltr'><strong>Unus</strong></span> <span class='ocrx_word' id='word_1_118' title='bbox 597 3003 670 3075; x_wconf 82' lang='lat' dir='ltr'><strong>dier</strong></span> <span class='ocrx_word' id='word_1_119' title='bbox 693 3025 834 3087; x_wconf 81' lang='lat' dir='ltr'><strong>prorsus</strong></span> <span class='ocrx_word' id='word_1_120' title='bbox 862 3004 912 3075; x_wconf 87' lang='lat' dir='ltr'><strong>ita</strong></span> <span class='ocrx_word' id='word_1_121' title='bbox 941 3003 1140 3088; x_wconf 87' lang='lat' dir='ltr'><strong>praeteribat</strong></span> <span class='ocrx_word' id='word_1_122' title='bbox 1165 3011 1269 3089; x_wconf 87' lang='lat' dir='ltr'><strong>atque</strong></span> <span class='ocrx_word' id='word_1_123' title='bbox 1293 3003 1391 3076; x_wconf 82' lang='lat' dir='ltr'><strong>aliua.</strong></span> 
     </span>
     <span class='ocr_line' id='line_1_19' title="bbox 389 3120 1395 3206; baseline 0 -14"><span class='ocrx_word' id='word_1_124' title='bbox 389 3121 532 3205; x_wconf 82' lang='lat' dir='ltr'><strong>Quoties</strong></span> <span class='ocrx_word' id='word_1_125' title='bbox 545 3127 672 3192; x_wconf 81' lang='lat' dir='ltr'><strong>ventus</strong></span> <span class='ocrx_word' id='word_1_126' title='bbox 686 3141 748 3205; x_wconf 90' lang='lat' dir='ltr'><strong>per</strong></span> <span class='ocrx_word' id='word_1_127' title='bbox 762 3121 874 3204; x_wconf 83' lang='lat' dir='ltr'><strong>rubos,</strong></span> <span class='ocrx_word' id='word_1_128' title='bbox 897 3120 1022 3205; x_wconf 84' lang='lat' dir='ltr'><strong>quibus</strong></span> <span class='ocrx_word' id='word_1_129' title='bbox 1035 3143 1115 3194; x_wconf 73' lang='lat' dir='ltr'><strong>cara</strong></span> <span class='ocrx_word' id='word_1_130' title='bbox 1128 3142 1150 3193; x_wconf 85' lang='lat' dir='ltr'><strong>a</strong></span> <span class='ocrx_word' id='word_1_131' title='bbox 1164 3122 1281 3193; x_wconf 84' lang='lat' dir='ltr'><strong>fronte</strong></span> <span class='ocrx_word' id='word_1_132' title='bbox 1294 3128 1395 3206; x_wconf 79' lang='lat' dir='ltr'><strong>septa</strong></span> 
     </span>
     <span class='ocr_line' id='line_1_20' title="bbox 387 3237 1392 3324; baseline -0.002 -12"><span class='ocrx_word' id='word_1_133' title='bbox 387 3246 473 3322; x_wconf 88' lang='lat' dir='ltr'><strong>erat,</strong></span> <span class='ocrx_word' id='word_1_134' title='bbox 487 3237 665 3322; x_wconf 87' lang='lat' dir='ltr'><strong>perflabat,</strong></span> <span class='ocrx_word' id='word_1_135' title='bbox 679 3238 753 3322; x_wconf 84' lang='lat' dir='ltr'><strong>ipsa</strong></span> <span class='ocrx_word' id='word_1_136' title='bbox 777 3237 863 3309; x_wconf 82' lang='lat' dir='ltr'><strong>rosis</strong></span> <span class='ocrx_word' id='word_1_137' title='bbox 885 3239 959 3310; x_wconf 84' lang='lat' dir='ltr'><strong>haec</strong></span> <span class='ocrx_word' id='word_1_138' title='bbox 983 3239 1181 3311; x_wconf 85' lang='lat' dir='ltr'><strong>dictitabat:</strong></span> <span class='ocrx_word' id='word_1_139' title='bbox 1203 3237 1392 3324; x_wconf 80' lang='lat' dir='ltr'><strong>“Quisnam</strong></span> 
     </span>
     <span class='ocr_line' id='line_1_21' title="bbox 387 3355 1391 3442; baseline 0 -15"><span class='ocrx_word' id='word_1_140' title='bbox 387 3355 561 3440; x_wconf 90' lang='lat' dir='ltr'><strong>pulchrior</strong></span> <span class='ocrx_word' id='word_1_141' title='bbox 574 3355 673 3426; x_wconf 82' lang='lat' dir='ltr'><strong>vobis</strong></span> <span class='ocrx_word' id='word_1_142' title='bbox 687 3355 781 3426; x_wconf 73' lang='lat' dir='ltr'><strong>estP’</strong></span> <span class='ocrx_word' id='word_1_143' title='bbox 803 3356 863 3428; x_wconf 80' lang='lat' dir='ltr'><strong>scd</strong></span> <span class='ocrx_word' id='word_1_144' title='bbox 877 3377 965 3427; x_wconf 81' lang='lat' dir='ltr'><strong>roaae</strong></span> <span class='ocrx_word' id='word_1_145' title='bbox 978 3356 1093 3442; x_wconf 88' lang='lat' dir='ltr'><strong>capita</strong></span> <span class='ocrx_word' id='word_1_146' title='bbox 1113 3362 1316 3440; x_wconf 79' lang='lat' dir='ltr'><strong>quassantes</strong></span> <span class='ocrx_word' id='word_1_147' title='bbox 1340 3375 1391 3427; x_wconf 85' lang='lat' dir='ltr'><strong>re-</strong></span> 
     </span>
     <span class='ocr_line' id='line_1_22' title="bbox 388 3471 1392 3558; baseline 0.001 -14"><span class='ocrx_word' id='word_1_148' title='bbox 388 3472 609 3558; x_wconf 83' lang='lat' dir='ltr'><strong>sponderunt,</strong></span> <span class='ocrx_word' id='word_1_149' title='bbox 624 3471 768 3544; x_wconf 79' lang='lat' dir='ltr'><strong>“Elisa&#39;&#39;</strong></span> <span class='ocrx_word' id='word_1_150' title='bbox 790 3473 907 3554; x_wconf 83' lang='lat' dir='ltr'><strong>Quum</strong></span> <span class='ocrx_word' id='word_1_151' title='bbox 927 3494 1011 3544; x_wconf 87' lang='lat' dir='ltr'><strong>vero</strong></span> <span class='ocrx_word' id='word_1_152' title='bbox 1036 3473 1157 3545; x_wconf 85' lang='lat' dir='ltr'><strong>diebus</strong></span> <span class='ocrx_word' id='word_1_153' title='bbox 1181 3473 1280 3546; x_wconf 65' lang='lat' dir='ltr'><strong>Solial</strong></span> <span class='ocrx_word' id='word_1_154' title='bbox 1304 3493 1392 3545; x_wconf 91' lang='lat' dir='ltr'><strong>uxor</strong></span> 
     </span>
     <span class='ocr_line' id='line_1_23' title="bbox 387 3589 1392 3676; baseline 0.001 -14"><span class='ocrx_word' id='word_1_155' title='bbox 387 3590 505 3662; x_wconf 84' lang='lat' dir='ltr'><strong>rustici</strong></span> <span class='ocrx_word' id='word_1_156' title='bbox 516 3589 613 3660; x_wconf 84' lang='lat' dir='ltr'><strong>iuxta</strong></span> <span class='ocrx_word' id='word_1_157' title='bbox 626 3589 767 3660; x_wconf 85' lang='lat' dir='ltr'><strong>ianuam</strong></span> <span class='ocrx_word' id='word_1_158' title='bbox 781 3611 870 3660; x_wconf 81' lang='lat' dir='ltr'><strong>casae</strong></span> <span class='ocrx_word' id='word_1_159' title='bbox 884 3590 1006 3662; x_wconf 83' lang='lat' dir='ltr'><strong>sedens</strong></span> <span class='ocrx_word' id='word_1_160' title='bbox 1020 3591 1171 3663; x_wconf 87' lang='lat' dir='ltr'><strong>libellum</strong></span> <span class='ocrx_word' id='word_1_161' title='bbox 1185 3591 1392 3676; x_wconf 85' lang='lat' dir='ltr'><strong>hymnorum</strong></span> 
     </span>
    </p>
   </div>
   <div class='ocr_carea' id='block_1_4' title="bbox 389 3856 1392 4256">
    <p class='ocr_par' dir='ltr' id='par_1_6' title="bbox 489 3856 1289 3927">
     <span class='ocr_line' id='line_1_24' title="bbox 489 3856 1289 3927; baseline 0.005 -15"><span class='ocrx_word' id='word_1_162' title='bbox 489 3861 514 3912; x_wconf 80' lang='lat'><strong>4.</strong></span> <span class='ocrx_word' id='word_1_163' title='bbox 529 3856 650 3921; x_wconf 65' lang='lat' dir='ltr'><strong>caete</strong></span> <span class='ocrx_word' id='word_1_164' title='bbox 663 3873 705 3922; x_wconf 58' lang='lat' dir='ltr'><strong>a,</strong></span> <span class='ocrx_word' id='word_1_165' title='bbox 721 3875 806 3926; x_wconf 85' lang='lat' dir='ltr'><strong>parra</strong></span> <span class='ocrx_word' id='word_1_166' title='bbox 818 3875 889 3922; x_wconf 81' lang='lat' dir='ltr'><strong>ceca,</strong></span> <span class='ocrx_word' id='word_1_167' title='bbox 902 3875 988 3927; x_wconf 85' lang='lat' dir='ltr'><strong>parra</strong></span> <span class='ocrx_word' id='word_1_168' title='bbox 1001 3861 1105 3925; x_wconf 84' lang='lat' dir='ltr'><strong>domur,</strong></span> <span class='ocrx_word' id='word_1_169' title='bbox 1118 3862 1289 3916; x_wconf 76' lang='lat' dir='ltr'><strong>domuncula</strong></span> 
     </span>
    </p>

    <p class='ocr_par' dir='ltr' id='par_1_7' title="bbox 389 3940 1392 4256">
     <span class='ocr_line' id='line_1_25' title="bbox 487 3940 1392 4014; baseline 0.002 -18"><span class='ocrx_word' id='word_1_170' title='bbox 487 3942 514 3996; x_wconf 86' lang='lat'><strong>⁵.</strong></span> <span class='ocrx_word' id='word_1_171' title='bbox 526 3941 600 3996; x_wconf 78' lang='lat' dir='ltr'><strong>Dice</strong></span> <span class='ocrx_word' id='word_1_172' title='bbox 613 3940 700 4005; x_wconf 77' lang='lat' dir='ltr'><strong>Solia,</strong></span> <span class='ocrx_word' id='word_1_173' title='bbox 709 3947 751 3997; x_wconf 80' lang='lat' dir='ltr'><strong>eat</strong></span> <span class='ocrx_word' id='word_1_174' title='bbox 759 3943 818 3998; x_wconf 81' lang='lat' dir='ltr'><strong>dica</strong></span> <span class='ocrx_word' id='word_1_175' title='bbox 829 3945 933 4011; x_wconf 79' lang='lat' dir='ltr'><strong>primur</strong></span> <span class='ocrx_word' id='word_1_176' title='bbox 947 3944 1114 4012; x_wconf 68' lang='lat' dir='ltr'><strong>septimana,</strong></span> <span class='ocrx_word' id='word_1_177' title='bbox 1127 3945 1185 4000; x_wconf 81' lang='lat' dir='ltr'><strong>dier</strong></span> <span class='ocrx_word' id='word_1_178' title='bbox 1197 3945 1297 4014; x_wconf 80' lang='lat' dir='ltr'><strong>quietis</strong></span> <span class='ocrx_word' id='word_1_179' title='bbox 1309 3951 1392 4013; x_wconf 83' lang='lat' dir='ltr'><strong>atque</strong></span> 
     </span>
     <span class='ocr_line' id='line_1_26' title="bbox 390 4025 1392 4096; baseline 0.003 -16"><span class='ocrx_word' id='word_1_180' title='bbox 390 4041 527 4080; x_wconf 68' lang='lat' dir='ltr'><strong>umorum</strong></span> <span class='ocrx_word' id='word_1_181' title='bbox 540 4025 606 4080; x_wconf 87' lang='lat' dir='ltr'><strong>ritui</strong></span> <span class='ocrx_word' id='word_1_182' title='bbox 619 4025 740 4090; x_wconf 58' lang='lat' dir='ltr'><strong>deditum</strong></span> <span class='ocrx_word' id='word_1_183' title='bbox 756 4027 816 4081; x_wconf 78' lang='lat' dir='ltr'><strong>dico</strong></span> <span class='ocrx_word' id='word_1_184' title='bbox 828 4043 911 4091; x_wconf 82' lang='lat' dir='ltr'><strong>sacer,</strong></span> <span class='ocrx_word' id='word_1_185' title='bbox 924 4029 1021 4082; x_wconf 78' lang='lat' dir='ltr'><strong>featua</strong></span> <span class='ocrx_word' id='word_1_186' title='bbox 1038 4028 1229 4083; x_wconf 62' lang='lat' dir='ltr'><strong>Ecclesiafflca</strong></span> <span class='ocrx_word' id='word_1_187' title='bbox 1241 4029 1337 4096; x_wconf 79' lang='lat' dir='ltr'><strong>lingua</strong></span> <span class='ocrx_word' id='word_1_188' title='bbox 1349 4033 1392 4082; x_wconf 80' lang='lat' dir='ltr'><strong>eat</strong></span> 
     </span>
     <span class='ocr_line' id='line_1_27' title="bbox 389 4109 1392 4175; baseline 0.002 -13"><span class='ocrx_word' id='word_1_189' title='bbox 389 4109 454 4163; x_wconf 68' lang='lat' dir='ltr'><strong>Diae</strong></span> <span class='ocrx_word' id='word_1_190' title='bbox 475 4109 593 4172; x_wconf 88' lang='lat' dir='ltr'><strong>Domini,</strong></span> <span class='ocrx_word' id='word_1_191' title='bbox 614 4110 660 4163; x_wconf 84' lang='lat' dir='ltr'><strong>vel</strong></span> <span class='ocrx_word' id='word_1_192' title='bbox 681 4109 830 4174; x_wconf 81' lang='lat' dir='ltr'><strong>Dominica,</strong></span> <span class='ocrx_word' id='word_1_193' title='bbox 845 4127 920 4164; x_wconf 89' lang='lat' dir='ltr'><strong>more</strong></span> <span class='ocrx_word' id='word_1_194' title='bbox 933 4111 1093 4175; x_wconf 79' lang='lat' dir='ltr'><strong>ludaeorum,</strong></span> <span class='ocrx_word' id='word_1_195' title='bbox 1106 4113 1179 4166; x_wconf 87' lang='lat' dir='ltr'><strong>unde</strong></span> <span class='ocrx_word' id='word_1_196' title='bbox 1191 4117 1220 4167; x_wconf 87' lang='lat' dir='ltr'><strong>et</strong></span> <span class='ocrx_word' id='word_1_197' title='bbox 1231 4111 1392 4166; x_wconf 68' lang='lat' dir='ltr'><strong>Neolatinl</strong></span> 
     </span>
     <span class='ocr_line' id='line_1_28' title="bbox 393 4193 1076 4256; baseline 0.001 -8"><span class='ocrx_word' id='word_1_198' title='bbox 393 4209 446 4248; x_wconf 85' lang='lat' dir='ltr'><strong>aua</strong></span> <span class='ocrx_word' id='word_1_199' title='bbox 458 4193 647 4256; x_wconf 60' lang='lat' dir='ltr'><strong>‘&#39;Uomanum&#39;&#39;</strong></span> <span class='ocrx_word' id='word_1_200' title='bbox 660 4193 851 4256; x_wconf 81' lang='lat' dir='ltr'><strong>“Dimanche,”</strong></span> <span class='ocrx_word' id='word_1_201' title='bbox 864 4194 991 4248; x_wconf 81' lang='lat' dir='ltr'><strong>fabricati</strong></span> <span class='ocrx_word' id='word_1_202' title='bbox 1004 4201 1076 4250; x_wconf 73' lang='lat' dir='ltr'><strong>aunt.</strong></span> 
     </span>
    </p>
   </div>
   <div class='ocr_carea' id='block_1_5' title="bbox 0 0 1782 5156">
    <p class='ocr_par' dir='ltr' id='par_1_8' title="bbox 0 0 1782 5156">
     <span class='ocr_line' id='line_1_29' title="bbox 0 0 1782 5156; baseline 0 0"><span class='ocrx_word' id='word_1_203' title='bbox 0 0 1782 5156; x_wconf 95' lang='lat' dir='ltr'><strong> </strong></span> 
     </span>
    </p>
   </div>
  </div>
 </body>
</html>
