3540 5156
447 953 509 1024 176
778 969 884 1023 ouon
904 969 949 1022 rrr
969 967 1109 1023 rsrcrnr

529 1135 592 1206 His
605 1137 729 1218 verbis,
754 1142 790 1206 et
814 1135 1027 1218 amplexibus
1056 1135 1191 1206 mellitis
1218 1135 1446 1206 decantatus⁸⁶

446 1253 601 1336 maritus,
623 1253 858 1336 lacrymasque
884 1253 958 1324 eius
981 1253 1053 1324 suis
1076 1253 1227 1324 crinibus
1253 1253 1445 1336 detergens,

445 1371 623 1441 facturum
648 1371 838 1455 spopondit,
855 1378 890 1441 et
904 1371 1083 1454 praevertit
1105 1371 1221 1441 statim
1246 1371 1361 1442 lumen
1385 1391 1443 1440 na·

446 1489 572 1559 scentis
586 1488 661 1559 diei.

529 1605 680 1688 Iugum8⁶
694 1605 862 1676 sororium
886 1625 1085 1688 consponsae
1106 1605 1276 1688 factionis,
1301 1627 1365 1675 nec
1385 1626 1443 1687 pa·

444 1723 600 1793 rentibus
613 1722 752 1806 quidem
768 1722 859 1804 visis,
875 1725 969 1792 recte
983 1723 1026 1792 de
1041 1722 1188 1792 navibus
1201 1722 1379 1805 scopulum
1389 1743 1446 1806 pe·

443 1845 525 1909 tunt
539 1839 636 1909 illum
651 1839 816 1922 praecipiti
830 1861 910 1908 cum
935 1839 1125 1922 velocitate,
1140 1859 1204 1908 nec
1218 1839 1315 1908 venti
1332 1838 1446 1908 feren·

444 1956 488 2026 tis
510 1963 662 2040 oppertae
687 1955 914 2040 praesentim,
938 1955 1112 2026 licentiosa
1141 1977 1220 2026 cum
1249 1955 1444 2026 temeritate

444 2072 624 2156 prosiliunt
637 2073 673 2142 in
689 2073 808 2142 altrum.
822 2073 896 2142 Nec
920 2072 1098 2143 immemor
1119 2073 1296 2156 Zephyrus
1320 2071 1444 2155 regalis

444 2189 546 2260 edicti
561 2189 719 2272 quamvis
733 2189 875 2271 invitus,
891 2196 1067 2274 susceptus
1080 2213 1138 2260 eas
1161 2190 1293 2273 gremio
1316 2189 1445 2272 spiran-

444 2307 490 2376 tis
504 2327 608 2388 aurae,
631 2308 726 2376 solo⁸⁷
751 2305 907 2376 reddidit.
929 2307 977 2376 At
998 2307 1065 2377 illae
1086 2307 1306 2388 incontotoe,⁸8
1327 2306 1443 2377 statim

442 2429 599 2493 conserto
621 2423 777 2507 vestigio,
803 2422 944 2494 domum
970 2431 1162 2507 penetrant,
1191 2424 1445 2507 compleraeque

443 2560 541 2610 suam
566 2539 727 2623 praedam,
751 2561 883 2610 sorores
907 2541 1044 2611 nomine
1065 2542 1281 2624 mentientes,
1307 2541 1443 2610 thesau-

441 2677 590 2740 rumque
604 2658 743 2739 penitus
764 2655 890 2727 abditae
912 2657 1045 2728 fraudis
1063 2658 1165 2728 vultu
1179 2659 1258 2728 laeto
1273 2663 1442 2742 tegentes,

443 2773 491 2842 sic
511 2773 693 2843 adulant:8⁹

526 2887 688 2972 '‘Psyche,
702 2911 772 2959 non
785 2890 835 2960 ita
848 2897 890 2960 ut
904 2890 1046 2974 pridem,
1067 2891 1221 2974 parvula,
1236 2899 1272 2962 et
1285 2892 1360 2974 ipsa
1373 2891 1442 2960 iam

441 3013 553 3076 mater
567 3028 613 3076 es.
630 3007 807 3090 Quantum
828 3015 931 3090 putas
944 3008 1023 3079 boni
1038 3008 1130 3092 geris
1143 3008 1179 3078 in
1194 3007 1260 3078 isto
1283 3009 1443 3078 materni-

440 3123 530 3194 tate?
553 3124 701 3204 Quantis
713 3124 849 3206 gaudiis
863 3131 974 3195 totam
988 3125 1128 3196 domum
1143 3133 1295 3196 nostrum
1320 3125 1442 3196 hilara-

440 3240 509 3312 bisi
530 3240 571 3325 Ο,
594 3263 657 3310 nos
679 3241 809 3324 beatas,
833 3263 920 3326 quas
941 3242 1085 3313 insontis
1109 3243 1205 3312 aurei
1228 3243 1442 3312 nutrimenta

540 3443 581 3498 85.
600 3443 714 3496 Fascino
727 3450 831 3510 ceptus,
844 3445 1004 3507 fascinatus,
1018 3445 1184 3498 incantatus.

538 3527 580 3580 86.
597 3527 657 3588 Pur,
671 3528 714 3581 uti
725 3543 786 3594 por
803 3526 890 3580 boum
901 3549 930 3573 =
943 3529 1038 3595 iugum
1048 3529 1129 3582 boum
1135 3544 1143 3591 ;
1160 3528 1243 3582 bores
1264 3529 1316 3582 sibi
1337 3529 1441 3582 similes

438 3615 467 3663 et
477 3611 558 3676 plene
569 3612 695 3678 equales,
709 3627 781 3665 unus
791 3612 893 3679 dignus
904 3613 1005 3675 altero3
1022 3626 1192 3679 cors-sponsa
1198 3610 1355 3678 factiosis,
1371 3613 1440 3666 soci·

440 3699 494 3746 ste
507 3695 704 3748 coniuratione.

539 3777 581 3830 87.
598 3777 700 3841 Solum,
713 3779 740 3841 -i,
752 3785 836 3841 terre,
856 3779 1051 3846 pavimentum,
1073 3785 1250 3842 constratum,
1270 3779 1394 3846 deposuit
1411 3781 1440 3834 in

437 3863 540 3914 terram

541 3945 582 3996 88.
599 3943 759 3998 Inoonwtae
778 3966 807 3992 =
824 3946 1000 4009 incunctata,
1025 3962 1042 3999 a
1066 3949 1197 4008 cunctor,
1225 3945 1295 3999 nihil
1319 3952 1440 4008 morata,
1488 3934 1490 3940 ¹

448 4025 728 4092 statlm,confestim;
745 4029 1121 4096 recompensaturum
1141 4045 1244 4096 gratu
1264 4031 1359 4084 stetim
1381 4029 1438 4084 incl

439 4109 545 4176 pientes
558 4127 645 4164 serem
657 4113 783 4180 vestigio,
795 4112 906 4167 iverunt
918 4129 1037 4180 propere.

541 4195 583 4248 89.
600 4195 763 4259 Aduluntur,
776 4197 916 4250 affectant
