3540 5156
642 935 648 946 ’
723 989 827 1043 anon
847 989 893 1042 ns
915 986 1055 1042 essens
1328 965 1390 1036 173

390 1154 639 1239 pressioribus⁷⁴
654 1155 844 1238 instructae,
854 1155 899 1226 ad
914 1153 1108 1238 superbiam
1120 1150 1328 1236 puniendam
1338 1149 1394 1220 fir-

391 1272 516 1342 miores
530 1273 744 1344 redeamus.”

474 1406 590 1477 Plaoet
605 1429 668 1490 pro
683 1407 773 1478 bono
788 1406 923 1478 duabus
942 1405 1041 1476 malis
1054 1403 1184 1474 malum
1197 1403 1393 1485 consilium

389 1523 539 1606 totisque
568 1523 634 1594 illis
662 1531 736 1595 tam
765 1523 921 1608 pretiosis
948 1521 1151 1594 muneribus
1179 1519 1394 1604 absconditis,

389 1663 521 1712 comam
535 1641 722 1725 trahentes,
738 1649 783 1725 et,
797 1641 938 1726 perinde
953 1647 994 1712 ut
1008 1639 1241 1720 merebantur,
1264 1659 1325 1708 ora
1348 1639 1395 1709 la·

389 1765 554 1841 cenantes,
570 1757 748 1829 simulatos
762 1758 1000 1841 redintegrant
1013 1757 1127 1827 fletus.
1148 1757 1198 1826 Ac
1212 1755 1260 1826 sic
1273 1776 1392 1838 paren·

390 1881 446 1946 tes
460 1895 607 1959 quoque,
623 1875 863 1946 redulcerato⁷⁵
876 1897 1018 1959 prorsus
1037 1874 1163 1956 dolore,
1188 1873 1314 1957 raptim
1337 1873 1393 1943 de-

390 1999 552 2073 serentes,
572 1992 714 2062 vesania
738 1992 899 2076 turgidae,
923 1993 1047 2063 domus
1069 2013 1150 2062 suas
1169 1989 1396 2073 contendunt,

390 2109 507 2180 dolum
531 2110 723 2192 scelestum,
748 2110 816 2180 imo
842 2131 924 2180 vero
950 2108 1196 2193 parricidium⁷⁶
1221 2113 1396 2177 struentes

392 2233 514 2297 contra
527 2246 678 2295 sororem
692 2227 873 2296 insontem.

474 2361 610 2430 Interea
624 2360 792 2444 Psychem
807 2363 955 2431 maritus
969 2360 1035 2442 ille,
1051 2381 1154 2443 quem
1179 2359 1298 2442 nescit,
1320 2381 1395 2430 rur·

392 2499 471 2548 sum
486 2477 557 2546 suis
569 2476 635 2547 illis
647 2477 824 2548 nocturnis
839 2477 1052 2548 sermonibus
1066 2475 1113 2546 sic
1127 2483 1336 2547 commonet:

474 2609 643 2681 “Videsne
654 2618 826 2694 quantum
839 2612 901 2683 tibi
913 2612 1101 2696 periculum
1111 2612 1301 2683 velitatur⁷⁷
1316 2612 1397 2682 For·

390 2735 478 2799 tuna
491 2729 646 2799 eminus?
667 2750 706 2798 ac
721 2729 787 2799 nisi
798 2730 899 2812 longe
913 2729 1082 2799 firmiter⁷⁸
1107 2750 1289 2812 praecaves,
1314 2750 1395 2799 mox

391 2845 608 2916 comminusu
635 2845 887 2929 congredietur.
928 2846 1075 2918 Perfidae
1104 2846 1231 2929 lupulae
1260 2847 1397 2930 magnis

391 2961 570 3032 conatibus
588 2962 739 3032 nefarias
763 2963 902 3034 insidias
923 2963 986 3034 tibi
1008 2969 1216 3047 comparant,
1246 2984 1395 3046 quarum

393 3099 528 3148 summa
549 3085 612 3161 est,
636 3085 678 3149 ut
702 3085 737 3149 te
761 3080 928 3150 suadeant
952 3101 1047 3150 meos
1069 3081 1245 3164 explorare
1265 3080 1396 3162 vultus,

391 3216 487 3280 quos,
511 3200 553 3264 ut
576 3195 639 3264 tibi
662 3217 753 3279 saepe
778 3195 931 3280 praedixi,
951 3219 1021 3266 non
1035 3196 1176 3279 videbis,
1190 3195 1219 3266 si
1234 3196 1396 3267 videris.⁸⁰

495 3463 538 3516 74.
554 3461 771 3527 Proaaiooibun
788 3463 1001 3519 accumtioribus
1014 3465 1109 3518 docta.

493 3547 534 3600 75.
551 3546 591 3599 Re
617 3550 647 3610 -Ι-
673 3548 773 3609 ulcero,
798 3545 975 3612 red—ulcero,
1000 3549 1086 3611 meus,
1107 3549 1208 3603 vulnus
1226 3565 1337 3612 renovo,
1355 3565 1395 3606 re.

391 3631 471 3686 irino.

492 3713 534 3767 76.
546 3713 608 3767 Νοιι
620 3713 740 3779 proprie;
758 3712 965 3781 parricidium
981 3717 1088 3784 proprie
1101 3723 1143 3770 est
1154 3717 1253 3771 occisio
1265 3717 1396 3794 parentis3

393 3797 441 3852 sed
452 3797 537 3851 latius
550 3797 683 3863 accipitur
696 3813 744 3862 pro
756 3797 882 3860 quolibet
899 3797 1027 3866 flagranti
1041 3799 1163 3854 crimine.

493 3879 534 3933 77.
553 3878 733 3942 Machinatun
745 3879 871 3944 minua,
883 3897 899 3934 e
910 3881 1069 3951 longinquo,
1083 3899 1116 3936 ex
1128 3889 1191 3938 tuto
1203 3884 1271 3938 loco.

493 3963 535 4017 78.
552 3963 638 4016 Valde
651 3963 774 4017 firmiter.

493 4047 534 4100 79.
553 4047 657 4108 Coram,
671 4053 737 4100 ante
749 4047 858 4111 faciem.
871 4054 904 4102 ut
917 4049 1012 4103 videas
1023 4056 1051 4103 et
1064 4051 1177 4104 sentina.

492 4131 535 4184 80.
552 4129 704 4184 simitum
717 4131 810 4184 mariti
827 4133 868 4185 tui
888 4133 973 4186 semel
994 4132 1190 4202 camoenam,
1210 4149 1266 4188 non
1282 4133 1396 4189 mrum

393 4214 507 4276 videbis.
518 4213 583 4282 qnia
595 4229 655 4281 ego.
667 4215 791 4277 maritus,
805 4221 834 4268 te
846 4216 977 4280 deseram,
990 4217 1040 4272 abs
1050 4223 1079 4272 te
1091 4217 1178 4272 abibo.
