3554 5156
408 926 470 994 148
799 938 1013 992 eaonomvu

490 1107 596 1177 Nobis
609 1107 746 1176 fabulas
760 1105 888 1175 divales
899 1126 941 1174 ex
952 1104 1096 1188 Anglico
1110 1104 1145 1173 in
1160 1104 1323 1174 Latinum
1333 1124 1409 1173 ver·

286 1207 291 1220 ¹
407 1223 569 1306 tentibus,
584 1230 710 1307 praeter
731 1221 987 1292 similitudinem
1010 1220 1216 1304 argumenti,
1241 1221 1308 1290 alia
1330 1242 1413 1303 quo·

407 1363 475 1424 que
490 1341 577 1410 ratio
590 1340 734 1410 suadere
750 1338 942 1421 videbatur,
964 1359 1071 1421 quare
1086 1337 1221 1421 Apuleii
1234 1338 1344 1408 nostri
1358 1338 1409 1407 in·

408 1458 540 1542 signem
554 1457 714 1528 tabellam
729 1456 884 1538 catalogo
898 1462 1015 1525 nostro
1039 1455 1084 1525 ad
1104 1455 1338 1538 evulgandum
1353 1455 1410 1525 ad·

409 1576 653 1646 scriberemus:
684 1573 757 1656 ipsa
779 1595 902 1656 nempe
917 1572 1086 1642 Latinitas
1099 1572 1231 1656 Apuleii
1246 1572 1410 1656 Romana,

409 1699 449 1763 ut
463 1695 514 1775 ea,
529 1699 657 1761 nostrae
671 1689 850 1760 Latinitati
864 1689 1081 1773 iuxtapositai,
1096 1689 1296 1760 Lectoribus
1310 1689 1412 1760 bene·

406 1810 493 1880 volis
507 1809 602 1892 copia
616 1806 878 1890 comparationis
892 1807 1113 1877 instituendae
1135 1807 1284 1890 daretur,
1300 1814 1340 1877 ut
1355 1808 1410 1877 vel

407 1926 486 1996 inde
500 1926 648 2008 aliquem
662 1925 817 1994 fructum
831 1923 995 1993 doctrinae
1008 1924 1072 1994 sibi
1086 1944 1227 2006 carpere
1241 1924 1366 1995 liceret.

492 2044 618 2114 Utrum
640 2042 777 2124 Lucius,
802 2041 903 2111 heros
927 2041 1056 2111 iabulae
1080 2041 1412 2127 Metamorphoseon,

411 2183 490 2232 cum
504 2161 653 2230 Auctore
673 2159 764 2229 idem
779 2158 834 2241 sit,
848 2158 939 2241 quod
964 2158 1064 2228 hodie
1089 2158 1157 2228 iam
1180 2160 1412 2243 addubitatur,

409 2279 444 2347 in
459 2277 571 2346 medio
586 2276 786 2359 relinquam.
817 2275 915 2359 Quod
935 2277 1098 2358 pauculas
1112 2277 1308 2359 sententias,
1329 2299 1413 2347 non·

410 2396 560 2476 nulaque
573 2392 681 2463 verba
694 2399 755 2461 aut
769 2392 914 2461 delenda
926 2399 988 2461 aut
1002 2393 1168 2462 mutanda
1178 2415 1295 2464 omnes
1304 2395 1413 2464 nostri

411 2511 477 2581 aevi
492 2511 697 2592 interpretes
710 2515 825 2578 ratum
851 2509 1062 2578 censuimus:
1085 2531 1153 2579 non
1167 2511 1320 2582 moribus
1342 2513 1413 2583 Au·

412 2628 524 2709 ctoris,
551 2626 610 2695 sed
635 2625 819 2696 discrimini
843 2625 1101 2695 attribuendum
1123 2634 1186 2709 est,
1210 2628 1300 2710 quod
1323 2629 1414 2699 inter

412 2767 524 2814 mores
538 2743 647 2813 omnis
661 2763 799 2826 prorsus
812 2742 996 2812 vetustatis
1016 2750 1121 2825 atque
1145 2744 1211 2813 aevi
1235 2746 1343 2815 nostri
1362 2747 1413 2817 in-

413 2862 567 2932 tercedit.

497 2978 594 3062 Quod
620 2977 663 3046 ad
689 2978 816 3058 stylum
841 2976 1091 3059 dictionemque
1115 2979 1242 3048 attinet
1255 2980 1414 3066 Apulleii,

412 3095 558 3166 sufficiat
573 3094 844 3164 animadvertere
859 3115 976 3163 omnes
996 3094 1178 3176 scriptores
1200 3096 1310 3167 omnis
1332 3107 1414 3168 aeta-

411 3214 456 3283 tis
481 3219 517 3282 et
541 3211 670 3294 linguae
695 3232 796 3280 suum
820 3210 945 3280 habere
970 3210 1109 3293 stylum,
1130 3211 1225 3295 adeo,
1248 3221 1290 3282 ut
1304 3216 1414 3297 stylus

412 3329 550 3400 omnino
564 3329 740 3410 speculum
754 3327 798 3396 sit
812 3327 916 3396 animi
941 3328 1128 3410 scribentis,
1149 3329 1290 3411 proinde
1311 3332 1414 3404 homo

410 3448 493 3531 ipse.
510 3449 625 3527 Quum
640 3466 724 3515 vero
739 3445 823 3514 nulli
838 3443 906 3514 duo
922 3442 1075 3513 homines
1088 3444 1160 3514 sive
1175 3467 1324 3530 corpore,
1340 3449 1414 3520 sive

412 3563 534 3644 animo,
548 3563 639 3632 inter
653 3583 689 3631 se
704 3583 844 3644 prorsus
858 3560 985 3631 similes
995 3582 1068 3631 esse
1079 3569 1218 3644 queant,
1229 3565 1342 3648 unius,
1353 3573 1417 3637 aut

413 3681 565 3762 alterius,
580 3681 708 3762 stylum
721 3699 877 3748 normam
894 3685 1055 3760 statuere,
1072 3679 1127 3748 cui
1142 3700 1259 3750 omnes
1274 3683 1416 3767 scripto·

415 3819 472 3868 res
487 3818 523 3866 se
538 3795 793 3866 accommodare
808 3793 965 3877 debeant,
976 3795 1124 3864 insanire
1139 3803 1201 3867 est.
1223 3796 1306 3881 Styli
1322 3800 1419 3873 diffe-

414 3921 497 3984 runt
512 3912 702 3982 secundum
722 3912 869 3995 gradum
891 3911 1045 3994 culturae,
1069 3919 1307 3998 conceptuum,
1323 3917 1417 3989 habi·

414 4033 483 4112 tus,
499 4029 687 4112 dotumque
701 4035 837 4098 naturae
851 4027 1076 4098 diversitates.
1099 4029 1223 4100 Nullus
1237 4039 1417 4106 auctorum

415 4149 645 4218 Romanorum
668 4145 752 4229 fingi
776 4151 889 4228 potest
918 4145 1001 4228 quin
1030 4145 1238 4230 Ciceronem,
1268 4148 1416 4236 Livium,
