3540 5156
657 981 760 1035 anon
781 982 829 1034 nr
849 981 987 1035 asrcrra
1264 963 1324 1034 185

408 1147 502 1230 “Ego
513 1148 660 1232 quidem,
671 1149 915 1232 simplicissima
925 1149 1065 1233 Psyche,
1075 1149 1226 1233 parentis
1235 1169 1324 1217 meae

324 1272 577 1348 praeceptorum
599 1266 786 1350 hnmemor,
809 1289 890 1350 quae
914 1275 951 1336 te
973 1267 1087 1336 miseri
1109 1267 1323 1348 extremique

323 1383 468 1453 hominis
489 1383 684 1453 devinctam
708 1385 876 1468 cupidine,
897 1384 1014 1454 infimo
1035 1385 1250 1454 matrimonio
1266 1384 1324 1454 ad·

323 1501 388 1570 dici
403 1501 559 1583 iusserat,
573 1501 645 1584 ipse
661 1501 775 1585 potius
787 1510 922 1572 amator
936 1502 1094 1572 advolavi
1104 1501 1176 1571 tibi.
1188 1501 1254 1572 Sed
1269 1501 1323 1572 hic

322 1619 389 1688 feci
404 1617 536 1700 leviter,
552 1619 636 1700 scio;
669 1625 705 1688 et
728 1621 915 1702 praeclarus
936 1620 992 1689 ille
1019 1619 1229 1703 sagittarius,
1251 1619 1324 1703 ipse

323 1758 378 1805 me
393 1735 461 1805 telo
476 1757 553 1804 meo
567 1736 728 1819 percussi,
743 1744 849 1819 teque
863 1737 1045 1819 coniugem
1060 1758 1172 1805 meam
1187 1736 1266 1818 feci,
1279 1743 1321 1806 ut

322 1854 431 1924 bestia
454 1853 580 1924 scilicet
604 1852 667 1922 tibi
690 1853 834 1937 viderer,
858 1861 894 1924 et
918 1855 1012 1923 terro
1033 1861 1138 1926 caout
1152 1853 1324 1925 excideres

322 1993 448 2055 meum,
464 1970 556 2055 quod
570 1971 653 2041 istos
667 1979 837 2042 amatores
850 1978 930 2041 tuos
944 1973 1058 2042 oculos
1072 1973 1172 2055 gerit.
1184 1972 1248 2042 Hic
1261 1973 1324 2043 tibi

322 2089 507 2160 identidem
533 2109 668 2172 semper
692 2088 847 2158 cavenda
868 2089 1059 2172 censebam,
1081 2089 1136 2158 hic
1158 2089 1324 2160 benevole

322 2204 550 2276 remonebam.
572 2205 639 2276 Sed
653 2205 721 2274 illae
747 2206 885 2289 quidem
909 2205 1148 2276 consiliatrices
1171 2207 1322 2291 egregiae

321 2330 405 2406 tuae,
437 2328 509 2392 tam
534 2322 711 2405 perniciosi
735 2323 972 2407 magisterii¹⁰q
1002 2322 1134 2393 dabunt
1163 2330 1321 2394 actutum

323 2441 405 2509 mihi
420 2461 550 2524 poenas,
564 2446 599 2510 te
613 2461 697 2510 vero
710 2447 849 2510 tanturn
869 2441 957 2524 fuga
974 2440 1261 2525 meapunive10,”
1286 2449 1324 2511 et

321 2579 400 2626 cum
414 2557 561 2626 termino
576 2557 751 2656 sermonis,
767 2557 887 2641 pennis
902 2558 938 2627 in
953 2559 1062 2628 altum
1084 2579 1120 2628 se
1145 2559 1323 2642 proripuit.

405 2675 535 2760 Psyche
561 2697 641 2744 vero
664 2675 761 2745 humi
783 2682 964 2758 prostrata,
989 2682 1026 2744 et
1048 2684 1218 2759 quantum
1244 2677 1321 2746 visu

320 2800 466 2876 poterat,
481 2791 618 2862 volatus
631 2792 745 2861 mariti
759 2793 974 2875 prospiciens,
1000 2793 1171 2875 extremis,
1194 2793 1323 2877 afflige·

321 2909 381 2980 bat
396 2909 696 2979 lamentationibus
711 2910 873 2980 animum.
882 2909 948 2980 Sed
964 2909 1023 2980 ubi
1038 2909 1181 2993 remigio
1193 2911 1321 2994 plumae

320 3034 458 3112 raptum
485 3027 647 3096 maritum
670 3027 854 3110 proceritas
878 3027 978 3111 spatii
1002 3029 1134 3098 fecerat
1162 3029 1322 3113 alienum,

319 3165 380 3228 per
394 3143 539 3226 proximi
554 3143 704 3214 fluminis
717 3145 908 3227 marginem
922 3145 1133 3229 praecipitem
1158 3167 1195 3214 se
1216 3145 1321 3215 dedit.

319 3260 385 3332 Sed
400 3261 493 3330 mitis
507 3260 643 3344 fluvius,
658 3261 695 3330 in
710 3261 873 3330 honorem
886 3261 948 3331 Dei
959 3262 1095 3344 scilicet,
1107 3262 1166 3345 qui
1182 3269 1218 3332 et
1230 3263 1322 3346 ipsas

318 3401 426 3464 aquas
439 3400 541 3449 urere
555 3379 742 3462 consuevit,
765 3386 924 3450 metuens
945 3379 1018 3463 sibi,
1042 3381 1223 3450 confestim
1245 3403 1319 3451 earn

317 3496 454 3566 innoxio
468 3497 641 3566 volumine
655 3517 759 3579 super
784 3499 893 3579 ripam
915 3496 1095 3566 florentem
1118 3497 1234 3568 herbis
1260 3521 1319 3568 ex·

319 3613 442 3698 posuit.

400 3731 499 3800 Tunc
513 3731 605 3800 forte
620 3731 702 3813 Pan,
726 3731 819 3801 Deus
841 3731 1002 3815 rusticus,
1025 3731 1125 3802 iuxta
1147 3731 1321 3814 supercili-

318 3835 429 3901 um¹¹⁰
451 3831 561 3900 amnis
583 3831 734 3914 sedebat,
757 3834 953 3915 complexus
966 3832 1021 3902 hic
1035 3832 1141 3901 humo
1166 3831 1320 3916 Cannam

417 4050 473 4102 109.
491 4049 567 4112 Quod
579 4065 684 4104 sorores
700 4055 839 4117 tamquam
855 4050 1063 4117 ludimagistro,
1085 4050 1145 4105 sire
1166 4052 1319 4118 praeceptri-

318 4149 371 4196 ces,
384 4149 444 4186 eam
455 4133 565 4186 facinus
577 4133 742 4199 docuerunt;
760 4134 879 4188 officium
892 4135 1026 4201 magistri.

418 4218 475 4271 110.
491 4217 567 4283 Ripa,
580 4217 733 4283 praesertim
746 4217 850 4280 elatior,
864 4217 922 4284 iugi
933 4218 1029 4271 instar.
