3540 5156
433 917 497 986 208
778 930 881 986 anon
901 931 946 984 ar
967 929 1102 984 Psrcnn

436 1123 503 1173 nus
517 1123 627 1172 vacua
640 1101 778 1172 debebis
791 1122 852 1184 per
864 1101 939 1171 illas
953 1100 1112 1170 tenebras
1126 1101 1293 1183 incedere,
1309 1101 1369 1170 sed
1383 1099 1434 1170 oi·

435 1221 490 1290 ias
504 1219 651 1304 polentae
665 1220 774 1289 mulso
788 1226 963 1289 concretas
977 1217 1144 1288 ambabus
1169 1225 1305 1301 gestare
1327 1217 1432 1288 mani·

435 1338 510 1420 bus,
524 1338 610 1407 etin
624 1336 697 1420 ipso
711 1358 770 1406 ore
784 1336 870 1406 duas
884 1336 978 1406 ferre
992 1337 1105 1419 stipes.
1122 1335 1263 1418 Iamque
1277 1337 1435 1406 confecta

433 1454 524 1525 bona
539 1461 636 1537 parte
651 1454 841 1523 mortifera
854 1452 930 1536 viae,
955 1453 1169 1523 continuabis
1190 1453 1351 1523 claudum
1372 1453 1434 1524 asi·

434 1594 519 1644 num
532 1571 707 1654 lignorum
730 1573 900 1655 gerulum,
915 1592 994 1640 curn
1009 1592 1157 1654 agasone
1182 1571 1292 1654 simili,
1316 1571 1434 1654 quite

435 1689 579 1773 rogabit,
595 1688 764 1758 decidenti
779 1689 920 1758 sarcinae
931 1687 1112 1757 fusticulos
1124 1687 1257 1770 aliquos
1270 1687 1435 1771 porrigas,

434 1807 494 1876 sed
508 1813 548 1876 tu
563 1807 657 1876 nulla
682 1826 764 1874 vooe
789 1805 1001 1888 deprompta,
1025 1804 1131 1874 tacita
1154 1804 1338 1888 praeterito.
1361 1804 1434 1875 Nec

432 1945 530 1993 mora
538 1944 547 2004 ;
563 1944 671 2005 quum
687 1921 731 1991 ad
745 1921 874 1992 flumen
889 1927 1065 1991 mortuum
1079 1921 1206 2004 venies,
1231 1922 1287 1992 cui
1310 1923 1434 2006 praefe-

432 2048 509 2111 ctus
524 2039 658 2110 Charon
672 2039 830 2121 protinus
842 2045 1006 2122 expetens
1029 2039 1229 2122 portorium,
1255 2039 1302 2110 sie
1324 2040 1368 2110 ad
1391 2039 1433 2110 n'·

432 2179 511 2242 pam
540 2156 737 2227 ulteriorem
762 2156 855 2226 sutili
880 2155 1003 2238 cymba
1027 2154 1166 2225 deducit
1194 2163 1432 2227 commeantes.

433 2275 524 2358 Ergo
539 2280 575 2342 et
587 2272 678 2342 inter
693 2280 847 2342 mortuos
861 2271 1006 2342 avaritia
1018 2273 1127 2343 vivit?
1142 2294 1205 2343 nec
1220 2273 1355 2344 Charon
1366 2274 1432 2357 ille,

432 2393 520 2463 Ditis
542 2397 651 2473 pater,
678 2397 797 2459 tantus
820 2388 923 2472 Deus,
949 2389 1137 2472 quidquam
1157 2391 1311 2472 gratuito
1332 2391 1434 2461 facit?

372 2521 378 2540 ·
432 2516 468 2580 et
482 2529 612 2592 pauper
625 2507 775 2610 moriens
789 2505 954 2576 viaticum
970 2506 1071 2576 debet
1086 2527 1249 2589 quaerere,
1275 2514 1311 2577 et
1337 2529 1385 2578 aes
1405 2507 1435 2578 si

431 2627 523 2695 forte
538 2647 610 2708 prae
624 2646 729 2694 manu
744 2645 814 2692 non
828 2623 945 2706 fuerit,
961 2645 1061 2692 nemo
1084 2645 1164 2693 curn
1187 2625 1360 2707 exspirare
1375 2647 1433 2707 pa·

432 2744 554 2814 tietur?
570 2743 658 2812 Huic
673 2741 827 2825 squalido
839 2741 912 2810 seni
926 2740 1023 2810 dabis
1037 2740 1132 2811 nauli
1142 2741 1278 2811 nomine
1289 2742 1331 2812 de
1343 2742 1436 2826 stipi·

432 2860 507 2944 bus,
521 2881 606 2944 quas
619 2861 712 2929 feres
727 2861 886 2929 alteram:
908 2857 956 2927 sic
966 2866 1093 2940 tamen,
1108 2865 1150 2928 ut
1164 2859 1235 2942 ipse
1250 2882 1313 2929 sua
1327 2881 1432 2930 manu

432 2977 474 3048 de
488 2985 549 3047 tuo
564 2983 678 3047 sumat
693 2998 761 3046 ore.
783 2975 856 3045 Nec
882 2974 992 3044 secius
1015 2974 1077 3044 tibi
1102 2975 1239 3058 pigrum
1264 2975 1434 3046 fluentum

431 3093 656 3166 transmeanti
672 3092 811 3176 quidam
826 3099 1053 3176 supernatans
1066 3114 1170 3162 senex
1188 3099 1355 3177 mortuns,
1370 3116 1433 3177 pu-

430 3219 502 3282 tres
515 3211 676 3281 attollens
690 3231 814 3280 manus
828 3211 948 3294 orabit,
972 3217 1009 3280 ut
1031 3231 1111 3280 eum
1136 3211 1228 3279 intra
1253 3211 1432 3294 navigium

430 3330 568 3410 trahas;
589 3350 652 3398 nec
666 3335 707 3398 tu
721 3335 838 3398 tamen
853 3327 969 3398 illicita
984 3328 1147 3398 affectare
1161 3327 1298 3411 pietate.

518 3444 737 3515 “Transito¹⁵⁷
752 3445 869 3528 fluvio,
883 3445 1054 3516 modicum
1069 3451 1104 3514 te
1119 3466 1335 3529 progressam
1360 3453 1431 3517 tex·

430 3563 533 3634 trices
557 3564 706 3633 orabunt
731 3583 828 3644 anus,
843 3561 947 3632 telam
961 3568 1144 3644 struentes,
1171 3581 1294 3632 manus
1308 3563 1433 3645 paulis·

432 3701 494 3765 per
508 3679 750 3762 accommodes
761 3699 824 3748 nec
835 3678 871 3748 id
885 3685 1002 3749 tamen
1012 3678 1075 3748 tibi
1089 3678 1287 3762 contingere
1300 3681 1357 3751 fas
1370 3688 1432 3751 est

431 3796 522 3867 Nam
536 3795 590 3866 hic
604 3796 718 3865 omnia
731 3795 803 3878 tibi,
818 3802 854 3865 et
868 3795 978 3866 muita
997 3795 1072 3878 alia,
1086 3794 1130 3864 de
1144 3795 1288 3868 Veneris
1304 3797 1433 3870 insidiis

431 3913 595 3995 orienttu,
611 3919 652 3982 ut
665 3913 721 3983 vei
735 3933 841 3983 unam
854 3911 908 4014 „de
931 3911 1090 3982 manibus
1114 3911 1255 3982 omittas
1279 3913 1432 3986 offulam.

534 4097 591 4150 157.
607 4096 742 4159 disiecto.
756 4102 896 4162 superato3
913 4097 1026 4150 verbum
1039 4097 1247 4151 intrandvitum
1268 4097 1366 4164 sepius
1383 4115 1431 4166 pro

433 4164 581 4220 transitivo
594 4164 702 4230 passive
713 4163 805 4217 sumit.
