3540 5156
694 994 801 1048 Amos
822 995 868 1047 nn
891 994 1026 1048 esucnn
1298 975 1359 1047 157

360 1159 460 1229 istius
472 1158 619 1230 mellitas
633 1160 830 1244 uredines,¹⁶
843 1161 1029 1231 vindictam
1043 1167 1115 1232 tuae
1135 1160 1279 1245 parenti,
1301 1160 1361 1230 sed

360 1277 496 1360 plenam
511 1277 636 1360 tribue,
652 1284 688 1347 et
701 1277 989 1361 pulchritudinem
1004 1285 1240 1349 contumacem
1266 1298 1362 1347 reve·

361 1401 477 1463 renter
491 1393 635 1477 vindica,
650 1394 752 1477 idque
777 1417 898 1478 unum,
913 1401 949 1464 et
963 1417 1035 1478 prae
1049 1395 1207 1466 omnibus
1219 1395 1361 1464 unicum

360 1509 480 1580 volens
495 1510 598 1580 effice.
620 1510 727 1595 Virgo
749 1511 817 1581 ista
840 1532 956 1582 amore
981 1511 1242 1596 flagrantissimo
1268 1517 1362 1581 tene-

359 1634 441 1697 atur
454 1626 601 1697 hominis
614 1628 797 1711 extremi‚¹⁷
811 1649 915 1711 quem
938 1635 973 1698 et
999 1629 1176 1713 dignitatis
1200 1634 1236 1698 et
1259 1628 1361 1712 patri·

360 1743 491 1814 monii¹⁸
505 1744 617 1826 simul,
632 1751 668 1814 et
681 1745 923 1815 incolumitatis
937 1745 1053 1828 ipsius,
1066 1747 1208 1816 fortuna
1222 1745 1362 1815 damna-

360 1861 422 1944 vit,
436 1868 578 1944 tamque
602 1861 719 1944 infimi,
733 1870 774 1932 ut
788 1883 850 1946 per
863 1870 978 1932 totum
992 1863 1111 1933 orbem
1125 1885 1194 1932 non
1208 1862 1362 1933 inveniat

360 1979 506 2050 miseriae
520 2001 592 2049 suae
606 1981 829 2063 comparem.”

445 2097 499 2168 Sic
512 2097 628 2180 effata,
644 2103 680 2166 et
693 2097 815 2167 osculis
829 2097 1004 2167 hiantibus
1017 2097 1126 2167 filium
1141 2096 1200 2166 diu
1215 2119 1255 2166 ac
1269 2119 1362 2181 pres-

361 2215 435 2284 sule
449 2215 617 2296 savinam
632 2213 802 2298 proximas
817 2235 895 2284 oras
908 2213 1005 2284 reflui
1020 2215 1143 2284 littoris
1157 2215 1254 2297 petit,
1269 2215 1363 2298 plan·

361 2331 474 2414 tisque
498 2330 603 2400 roseis
625 2330 835 2402 vibrantium
858 2331 1028 2401 fluctuum
1052 2353 1224 2401 summum
1249 2352 1361 2401 rorem

360 2446 514 2518 calcavit.
536 2447 623 2517 Ecce
638 2447 706 2517 iam
721 2447 884 2530 profundi
905 2449 1010 2517 maris
1025 2448 1094 2518 udo
1109 2448 1234 2518 resedit
1259 2447 1363 2518 verti·

360 2587 416 2647 ce;
432 2572 468 2634 et
482 2565 595 2647 ipsum
609 2564 700 2646 quod
713 2564 832 2648 incipit
847 2565 943 2648 velle,
965 2565 1082 2635 statim
1109 2566 1206 2648 quasi
1229 2565 1361 2649 pridem

360 2683 532 2767 pracepit,
547 2703 616 2751 non
630 2688 784 2752 moratur
798 2682 970 2751 marinum
984 2683 1194 2764 obsequium.
1226 2682 1362 2753 Adsunt

361 2799 465 2869 Nerei
489 2799 568 2869 filiae
592 2798 734 2868 chorum
757 2805 929 2881 canentes,
951 2806 986 2868 et
1007 2798 1208 2869 Portunus²⁰
1228 2800 1363 2870 caerulis

360 2916 473 2986 barbis
486 2915 648 2999 hispidus,
663 2923 699 2985 et
708 2916 825 2999 gravis
835 2917 966 2999 piscoso
975 2917 1052 2986 sinu
1063 2915 1227 2999 Salacia,²1
1241 2916 1363 2998 auriga

360 3033 527 3116 parvulus
551 3033 711 3116 delphini,
724 3032 913 3115 Palaemon;
935 3033 1004 3103 iam
1024 3033 1151 3116 passim
1165 3033 1274 3104 maria
1288 3055 1364 3117 per·

359 3151 528 3220 sultantes
540 3149 748 3220 Tritonum²²
762 3157 920 3219 catervae.
941 3149 1005 3219 Hic
1026 3149 1154 3220 conchd
1178 3150 1291 3220 sonaci
1317 3151 1363 3220 le·

361 3267 452 3337 niter
480 3266 657 3349 buccinat;
679 3267 733 3336 ille
756 3266 862 3336 serico
888 3267 1041 3350 tegmine
1066 3266 1258 3350 flagrantiae
1284 3269 1363 3339 solis

463 3468 503 3520 16.
521 3467 659 3528 Ustiones,
672 3467 761 3532 ignes.

462 3551 503 3604 17.
519 3551 619 3612 lniimi,
631 3551 739 3617 plebeii.

463 3636 503 3688 18.
520 3635 616 3700 Opum,
629 3634 801 3687 divitiarum.

462 3719 503 3772 19.
523 3718 659 3780 osculata,
671 3734 718 3770 ore
730 3716 831 3784 patulo.

458 3804 500 3857 20.
511 3803 604 3855 Etiam
616 3799 809 3864 Postuminus,
825 3802 971 3866 Palaemon,
985 3803 1148 3866 Graecorum,
1160 3809 1203 3857 est
1214 3803 1287 3857 Deus
1299 3805 1366 3858 Por-

360 3895 447 3949 tuum,
461 3903 529 3954 quos
540 3901 633 3947 naves,
647 3891 749 3939 terrem
761 3891 894 3952 petentes,
907 3887 1023 3940 intrant.

459 3972 501 4024 21.
518 3971 575 4023 Des
589 3969 714 4032 marium
725 3985 794 4022 uxor
804 3969 935 4036 Neptuni.

460 4055 640 4108 zabennus
651 4053 818 4106 marinorum
837 4054 926 4107 turbs.
946 4053 1050 4108 Tn'too
1069 4055 1126 4108 ruit
1148 4054 1222 4108 filius
1240 4055 1363 4122 Neptuni

358 4156 393 4194 ex
405 4137 575 4205 Arupbitriti¹
587 4137 698 4190 tubicen
711 4137 841 4199 mannus,
859 4137 906 4204 qui
928 4139 1061 4192 conchem
1081 4144 1226 4192 sonsntem
1247 4139 1359 4203 inflans,

358 4238 434 4278 marc
447 4221 623 4284 commoveri,
638 4226 686 4274 aut
698 4220 816 4274 residere
828 4221 920 4275 lubere
931 4221 1044 4276 solebat.
