3554 5156
711 967 793 1024 mnu
814 967 951 1024 ornam
1272 949 1335 1022 113

418 1134 588 1221 “Quinam
601 1157 684 1208 vero
699 1158 765 1222 ego
778 1158 841 1208 vos
852 1135 1061 1208 dimittam?”
1087 1135 1212 1220 quaerit
1226 1154 1330 1206 soror.

335 1253 441 1324 atde
457 1253 500 1324 de
514 1253 618 1326 rebus
629 1255 702 1325 suis
714 1255 790 1326 fere
804 1260 914 1326 totam
929 1261 1064 1324 noctem
1086 1252 1254 1336 collocuti,
1276 1251 1337 1321 vix

336 1391 463 1455 paucas
476 1373 578 1443 horas
591 1371 837 1443 dormivemnt.

418 1505 560 1576 Postero
574 1526 675 1576 mane
689 1505 816 1576 Elisam
830 1505 963 1576 alarum
984 1505 1116 1576 sonitus
1138 1504 1338 1588 expergefe-

334 1621 391 1706 cit,
407 1643 486 1706 quae
500 1643 605 1706 supra
618 1643 655 1694 ae
669 1622 900 1707 agitabantur.
912 1621 1051 1694 Fratres
1060 1620 1113 1693 sui
1127 1621 1196 1692 iam
1210 1620 1337 1692 irarum

335 1738 508 1810 immutati
522 1739 677 1822 fuerim,
693 1760 733 1810 ac
747 1760 808 1823 per
823 1739 961 1823 aliquod
976 1745 1114 1824 tempus
1127 1738 1261 1822 magnis
1274 1737 1338 1808 cir·

335 1855 485 1927 cuitibus
498 1855 825 1929 circumvolitarunt„
839 1856 994 1928 Tandem
1009 1855 1110 1928 unico
1121 1891 1163 1902 -
1177 1863 1262 1926 natu
1277 1854 1338 1926 mi·

334 1971 430 2044 nimo
444 2008 485 2020 -
500 1972 626 2057 relicto,
640 1973 676 2045 in
691 1974 917 2059 longinquum
939 1975 1175 2046 avolaverunt,
1196 1972 1260 2044 Hic
1283 1995 1337 2044 ca-

335 2089 406 2174 pite
420 2111 483 2160 suo
496 2090 533 2159 in
547 2091 717 2173 gremium
732 2091 855 2162 sororis
880 2091 1052 2174 reclinato,
1075 2091 1150 2175 ipsa
1171 2090 1247 2161 eius
1267 2091 1338 2161 alas

335 2205 497 2278 candidas
521 2205 736 2278 demulcebat
743 2229 752 2291 ;
774 2207 810 2278 hi
834 2215 949 2278 totum
972 2207 1062 2278 diem
1085 2209 1155 2278 una
1180 2213 1337 2292 egerunt.

336 2321 433 2394 Circa
457 2342 637 2406 vesperam
661 2324 782 2408 reliqui
811 2345 948 2409 quoque
977 2331 1206 2407 reverterunt,
1231 2331 1337 2407 atque

336 2440 406 2511 nole
421 2439 645 2512 occumbente
658 2441 693 2510 in
708 2447 801 2512 terra
824 2440 932 2524 firma,
948 2447 984 2510 et
998 2440 1034 2510 in
1048 2442 1163 2511 forma
1178 2440 1338 2523 humana,

338 2555 577 2628 constiterunt.

421 2671 526 2746 “Cras
539 2675 666 2746 iterum
682 2675 923 2760 avolabimus,”
938 2698 1030 2747 unus
1043 2695 1162 2746 eorum
1176 2673 1339 2746 monebat

338 2811 499 2874 sororem,
516 2790 599 2862 “nec
613 2793 760 2864 fortasse
774 2793 844 2864 huc
855 2793 946 2864 intra
960 2814 1091 2864 annum
1105 2799 1320 2863 revertemur
1329 2813 1338 2876 ς

338 2907 399 2978 aed
413 2929 477 2979 nos
490 2916 526 2980 te
538 2909 594 2980 hic
608 2909 799 2994 relinquere
812 2931 882 2981 non
897 2931 1096 2995 possumus;
1111 2908 1262 2980 audesne
1276 2929 1340 2980 nos

338 3025 513 3099 comitari?
521 3027 665 3098 Brachia
677 3049 754 3098 mea
767 3027 811 3099 ad
826 3028 1079 3112 pervehendam
1090 3035 1126 3098 te
1135 3048 1198 3111 per
1207 3027 1339 3110 sylvam

338 3144 538 3216 eatisfortia
552 3150 651 3227 sunt;
672 3165 758 3216 num
778 3143 842 3215 alae
865 3151 994 3216 nostrie
1018 3144 1062 3216 nd
1086 3143 1339 3228 pervehendum

337 3269 375 3334 te
389 3261 481 3334 ultra
493 3283 588 3334 mare
601 3261 732 3333 viribus
746 3261 829 3333 satis
841 3283 911 3334 non
923 3261 1110 3346 polleant?”

423 3377 507 3462 “Ita,
521 3401 613 3463 sane,
628 3379 736 3450 tollite
751 3400 807 3450 me
821 3378 901 3450 hinc
914 3379 1100 3462 vobiscum,
1123 3380 1260 3460 iratres,
1284 3377 1341 3448 ob·

340 3498 466 3582 aecm,”
481 3497 617 3582 flagitat
630 3497 730 3568 Elisa

422 3616 547 3687 Totam
560 3615 666 3699 igitur
688 3621 824 3686 noctem
850 3615 967 3685 sedulo
990 3614 1105 3686 labore
1129 3617 1300 3684 mattnm¹⁰
1320 3635 1339 3684 e

442 3869 482 3922 10.
500 3865 607 3930 Mutia,
625 3881 670 3930 -ι,
695 3873 737 3921 eat
757 3872 854 3929 mora,
875 3873 986 3934 tegmen
999 3867 1086 3928 atrati,
1100 3865 1223 3928 tabulati,
1237 3881 1270 3918 ex
1283 3865 1341 3918 iun·

341 3954 388 4016 cia,
402 3951 504 4020 scirpia,
518 3956 566 4004 ant
578 3951 710 4005 stramine
722 3951 839 4018 plerum,
853 3951 952 4018 partim
973 3951 1008 4004 ad
1027 3949 1172 4017 tergendos
1189 3949 1341 4002 lutulentos

340 4037 445 4092 calceos
457 4041 523 4089 ante
535 4035 635 4088 ondam
648 4039 772 4096 stratum,
793 4035 893 4101 partlm
906 4035 981 4087 intra
992 4033 1071 4095 eden,
1084 4034 1113 4086 in
1127 4032 1281 4094 ambitibus,
1294 4032 1339 4084 vel

341 4121 424 4174 etlam
438 4119 467 4172 in
480 4118 620 4180 cubiculis,
632 4118 782 4185 meseum
795 4123 898 4181 atate
911 4117 946 4172 ad
958 4133 1099 4184 murnum
1120 4117 1240 4170 sonitum
1253 4116 1342 4170 abnor-

342 4203 469 4264 bendnm
481 4202 588 4268 partlm
601 4201 725 4270 deniqne,
738 4201 772 4255 ad
784 4217 893 4268 granna
905 4200 1065 4254 molliendae
1077 4199 1243 4266 applicitum.
