3540 5156
436 937 500 1008 202
748 952 853 1007 anon
872 953 918 1006 nr
939 951 1076 1008 esic!

436 1141 517 1192 rens
530 1120 692 1204 gnaviter
705 1128 880 1204 convocat,
894 1128 1122 1204 corrogatque
1135 1125 1296 1190 cunctam
1317 1119 1434 1190 formi-

436 1259 555 1308 earum
568 1239 759 1308 accolarum
773 1239 930 1308 classem:
953 1236 1180 1308 “Miseremini
1202 1245 1306 1310 terrae
1327 1237 1435 1308 omni·

435 1354 587 1438 parentis
602 1354 708 1438 agiles
723 1354 881 1438 alumnae,
895 1355 1111 1438 miseremini,
1126 1363 1163 1425 et
1177 1355 1311 1426 Amoris
1326 1354 1433 1438 uxori,

435 1471 558 1558 puellae
571 1471 693 1556 lepidae
714 1472 918 1556 periclitanti
933 1479 1092 1556 prompta
1105 1472 1285 1543 velocitate
1298 1493 1435 1544 succur-

437 1589 533 1659 rite.''

520 1707 640 1778 Ruunt
653 1707 738 1790 aliae,
753 1728 924 1790 superque
945 1707 1020 1777 aliae
1044 1707 1207 1791 sepedum
1232 1705 1436 1790 populorum

437 1823 549 1907 undae,
570 1845 770 1907 summoque
784 1824 897 1895 studio
918 1823 1061 1908 singulae
1074 1823 1245 1907 granatim
1258 1830 1372 1894 totum
1389 1823 1435 1892 di·

435 1947 563 2024 genmt
577 1961 748 2023 acervum,
764 1942 1016 2024 separatimque
1031 1939 1231 2024 distributis,
1256 1939 1439 2010 distinctis·

437 2079 506 2140 quo
518 2058 712 2142 generibus,
725 2081 745 2128 e
759 2065 940 2141 conspectu
954 2057 1135 2142 perniciter
1149 2057 1288 2128 abeunt.

520 2175 587 2248 Sed
601 2175 697 2247 initio
710 2176 819 2246 noctis
832 2198 851 2246 e
865 2175 1021 2246 convivio
1034 2174 1189 2259 nuptiali,
1200 2175 1281 2246 vino
1295 2174 1437 2245 madens

437 2301 474 2364 et
487 2295 647 2378 fragrans
661 2293 822 2376 balsama,
844 2295 963 2363 Venus
985 2299 1126 2375 remeat,
1147 2298 1260 2362 totum
1282 2293 1437 2362 revincta

437 2433 560 2495 corpus
584 2411 669 2480 rosis
693 2411 908 2493 micantibus,
930 2410 1074 2493 visaqua
1095 2409 1271 2493 diligentia
1293 2408 1370 2478 miri
1391 2409 1437 2478 la·

439 2527 547 2599 boris:

520 2643 621 2715 “Non
646 2645 779 2728 tuum,”
804 2645 925 2730 inquit,
949 2643 1188 2730 “nequissima,
1212 2666 1275 2715 nec
1295 2651 1437 2714 tuarum

437 2783 605 2832 manuum
621 2762 714 2832 istud
729 2784 824 2847 opus,
839 2763 899 2833 sed
911 2763 1011 2846 illius,
1026 2763 1082 2834 cui
1096 2774 1169 2847 tuo,
1182 2763 1251 2834 imo
1271 2769 1307 2832 et
1328 2761 1437 2846 ipsius

436 2881 536 2962 malo,
561 2879 746 2963 placuisti.”
772 2880 817 2950 Et
841 2881 956 2951 frusto
980 2880 1096 2952 cibarii
1119 2880 1216 2964 panis
1229 2880 1261 2950 ei
1274 2879 1436 2966 proiecto,

437 2995 593 3068 cubitum
607 2996 755 3066 facessit.

522 3113 663 3183 Interim
675 3113 806 3197 Cupido
821 3115 913 3184 solus
926 3113 1095 3185 interioris
1107 3114 1230 3186 domus
1240 3115 1332 3185 unici
1346 3113 1438 3184 cubi·

438 3230 506 3302 culi
520 3231 676 3302 custodia
689 3232 834 3314 clausus,
849 3232 1070 3302 eoercebatur
1082 3232 1223 3315 aetiten
1245 3232 1372 3317 partim
1391 3253 1437 3302 ne

437 3369 518 3419 cum
531 3369 594 3418 sua
609 3349 725 3433 cupita
738 3349 946 3419 conveniret.
959 3348 1013 3420 Sic
1027 3371 1110 3434 ergo
1125 3350 1292 3431 distentis,
1316 3357 1352 3420 et
1373 3349 1437 3420 sub

438 3486 509 3536 uno
524 3472 616 3536 tecto
637 3465 803 3550 separatis
822 3467 1045 3551 amatoribus,
1068 3474 1171 3538 taetra
1193 3489 1262 3537 nox
1286 3467 1437 3538 exantla-

438 3586 535 3653 ta.¹⁴‘’
566 3581 632 3654 Sed
660 3585 785 3653 aurora
813 3583 1030 3654 commodum
1059 3583 1273 3668 inequitanti,
1303 3592 1436 3656 vocate

439 3699 582 3783 Psychae
596 3701 716 3771 Venus
729 3699 806 3770 infit
819 3699 916 3770 talia:

522 3815 690 3888 “Videsne
704 3817 787 3888 illud
801 3837 935 3901 nemus,
949 3818 1040 3902 quod
1062 3818 1169 3890 fluvio
1192 3819 1436 3903 praeterluenti,

438 3933 586 4018 ripisque
600 3934 710 4018 longis
723 3933 924 4018 attenditur,
939 3935 1037 4007 cuius
1047 3936 1106 4006 imi
1116 3935 1274 4020 gurgites
1286 3936 1438 4007 vicinum

539 4187 598 4241 149.
613 4185 673 4240 Nox
684 4191 781 4241 ωτι
790 4192 840 4242 est.
