3554 5156
717 953 797 1009 run
818 953 959 1010 omaus
1276 937 1338 1008 129

340 1123 433 1208 longi
456 1123 510 1194 sui
534 1121 646 1194 crines
667 1121 804 1206 passiin
818 1123 980 1193 humeros
1004 1119 1216 1206 defluebant3
1238 1141 1338 1206 genre

340 1263 413 1312 suae
426 1239 630 1312 cadaverose
644 1237 834 1324 pallebunt;
854 1238 976 1310 labella
997 1259 1142 1310 nervose
1163 1237 1340 1323 agitaban-

339 1365 409 1442 tur,
424 1357 507 1428 dum
521 1355 619 1440 digiti
633 1356 686 1426 sui
700 1377 811 1440 usque
822 1355 985 1426 texebant
998 1354 1121 1426 viridia
1130 1355 1197 1439 fila;
1211 1355 1338 1439 quippe

340 1496 419 1560 quse
433 1495 520 1558 opus
533 1494 635 1544 suum
649 1495 694 1543 ne
708 1479 792 1542 tunc
807 1472 945 1558 quidem
959 1472 1218 1556 intermittebat,
1229 1493 1338 1556 quum

341 1593 385 1664 ad
414 1590 617 1676 supplicium
641 1597 830 1673 raperetur.
863 1589 988 1660 Decem
1013 1590 1189 1661 subuculae
1209 1597 1339 1674 paratae

339 1717 420 1782 ante
434 1708 539 1793 pedes
552 1706 626 1778 eius
638 1707 795 1778 iacebant
809 1741 851 1752 -
864 1707 1038 1778 nunciam
1058 1706 1274 1778 undecimam
1294 1707 1339 1778 ad

339 1827 442 1898 finem
468 1825 654 1909 perducere
683 1824 870 1908 satagebat
907 1823 1106 1908 Quisquiliae
1135 1824 1242 1908 plebis
1261 1846 1338 1894 eam

339 1942 553 2017 contumeliis
567 1942 785 2012 lacessebant.

423 2059 637 2132 “cemedum
652 2081 780 2144 sagam,
795 2066 837 2130 ut
850 2059 1001 2132 musam!
1022 2060 1076 2132 Ne
1090 2060 1241 2131 libellum
1266 2060 1341 2144 qui·

341 2180 419 2251 dem
445 2199 585 2263 precum
610 2199 715 2247 manu
740 2183 871 2260 gestat3
893 2199 958 2262 nae,
980 2178 1046 2248 illic
1071 2177 1168 2248 sedet
1182 2200 1262 2250 cum
1276 2200 1340 2250 sua

340 2296 575 2368 fascinationis
588 2301 776 2379 apparatu;
792 2295 884 2379 eripe
897 2296 948 2378 ei;
969 2297 1099 2381 carpite
1113 2296 1148 2367 in
1163 2297 1253 2367 mille
1266 2298 1340 2368 fru-

338 2414 463 2486 stula!”

424 2532 498 2602 lam
512 2529 612 2601 multi
625 2530 661 2600 in
676 2552 717 2600 eo
732 2537 830 2601 erant
844 2537 884 2602 ut
897 2531 1064 2614 impeturn
1089 2531 1124 2602 in
1147 2553 1224 2604 eam
1247 2533 1340 2602 moli·

341 2657 471 2733 rentur,
500 2647 752 2732 subuculasque
777 2648 808 2718 ei
832 2649 1013 2732 eriperent,
1044 2671 1152 2732 quum
1182 2649 1339 2719 undecim

339 2766 474 2840 candidi
499 2765 617 2837 Olores
631 2767 822 2848 plaustrum
837 2787 959 2836 versus
973 2766 1188 2837 advolabant.
1219 2768 1341 2839 Cuncti

339 2885 467 2956 circum
483 2905 559 2954 eam
573 2882 800 2954 consederunt
813 2883 875 2952 alis
890 2882 1097 2955 dimicantes.
1127 2883 1245 2955 Turba
1267 2906 1341 2969 per·

342 3002 464 3073 territa
478 3000 626 3084 diffugit.

424 3117 588 3201 “Signum
601 3115 666 3186 hoc
680 3123 772 3186 certe
786 3116 829 3186 de
842 3118 928 3187 coelo
942 3117 1012 3188 est!
1034 3119 1193 3189 Proiecto
1206 3119 1279 3202 ipsa
1290 3120 1341 3190 in-

340 3258 420 3308 sons
444 3235 535 3306 est!''
557 3234 660 3318 aliqui
684 3234 918 3317 susurrabant,
943 3235 1034 3306 elata
1058 3241 1175 3306 tamen
1200 3257 1284 3307 voce
1305 3237 1339 3306 id

340 3353 527 3440 praedicare
541 3372 611 3421 non
626 3350 810 3421 audebant.

424 3468 526 3540 Modo
538 3468 694 3540 carnifex
707 3490 849 3539 manum
864 3469 938 3540 eius
951 3469 1175 3554 apprehendit
1199 3505 1241 3516 -
1267 3471 1341 3556 ipsa

340 3589 460 3660 eodem
475 3593 648 3656 momento
662 3585 821 3656 undecim
835 3587 1021 3657 subuculas
1035 3585 1193 3658 Oloribus
1214 3589 1340 3677 iniecit,

340 3714 376 3779 et
390 3703 572 3776 confestim
587 3702 745 3774 undecim
758 3705 901 3774 formosi
915 3705 1088 3788 Principes
1112 3706 1253 3778 Olorum
1267 3708 1341 3779 loco

339 3827 615 3906 comparuerunt
641 3821 763 3891 Frater
787 3827 903 3892 tarnen
928 3823 1090 3893 minimus
1113 3831 1200 3894 natu
1229 3847 1339 3896 unum

339 3938 473 4012 nonnisi
501 3937 679 4008 brachium
707 3944 830 4008 nactus
858 3945 921 4021 est,
949 3940 1021 4010 loco
1047 3947 1164 4011 autem
1188 3941 1339 4026 saltatim,

339 4058 440 4139 alam
463 4053 740 4139 quandoquidem
764 4054 932 4126 subucula
954 4077 1059 4127 unam
1083 4064 1221 4128 tanturn
1232 4059 1340 4129 mani·

341 4195 417 4246 cam
430 4172 579 4242 habebat
592 4207 634 4218 -
648 4171 756 4242 altera
770 4172 916 4242 necdum
931 4174 1030 4256 plane
1044 4173 1152 4244 finita.
