3540 5156
685 983 789 1037 Axon
809 983 858 1036 nr
877 982 1018 1038 nsvcun
1288 971 1351 1043 179

344 1156 395 1234 te,
404 1149 504 1220 sociae
518 1150 644 1222 scilicet
654 1151 779 1222 doloris
788 1154 955 1236 casusque
966 1151 1028 1234 tui,
1039 1153 1148 1224 celare
1159 1175 1351 1238 possumus,

347 1266 535 1338 immanem
548 1268 738 1352 colubrum,
753 1269 951 1341 multinodis
970 1271 1200 1342 voluminibus
1214 1293 1352 1356 serpen-

348 1392 432 1468 tem,
447 1406 581 1456 veneno
604 1387 706 1456 noxio
731 1387 817 1458 colla
839 1388 1103 1471 sanguinantem
1131 1387 1352 1474 hiantemque

344 1503 501 1588 ingluvie
515 1505 698 1588 profunda,
712 1511 829 1576 tecum
842 1503 999 1575 noctibus
1005 1505 1151 1576 latenter
1161 1507 1353 1590 acquiesce·

344 1643 394 1692 re.
411 1621 515 1692 Nunc
530 1621 710 1692 recordare
726 1623 827 1693 sortis
841 1622 1006 1706 Pythicae,
1028 1644 1107 1706 quae
1120 1630 1157 1692 te
1171 1625 1278 1695 trucis
1293 1625 1350 1696 be·

344 1739 425 1809 stiae
437 1739 569 1823 nuptiis
584 1739 790 1809 destinatam
804 1761 877 1810 esse
891 1739 1061 1810 clamavit.
1083 1741 1129 1810 Et
1143 1742 1242 1812 multi
1267 1745 1352 1814 colo·

348 1857 395 1940 ni,
410 1857 539 1941 quique
554 1856 781 1927 circumsecus
794 1865 974 1940 venantur,
1001 1864 1037 1928 et
1062 1860 1184 1929 accolae
1213 1860 1352 1944 plurimi

344 1976 465 2046 videre
481 1996 562 2045 eum
577 1995 720 2058 vespera
734 1975 936 2045 redeuntem
958 1997 977 2044 e
1001 1983 1112 2059 pastu,
1138 1978 1351 2062 proximique

344 2093 498 2164 fluminis
513 2093 610 2163 vadis
634 2092 859 2162 innatantem.
881 2092 955 2162 Nec
969 2092 1028 2162 diu
1043 2092 1175 2164 blandis
1200 2095 1350 2165 alimoni-

343 2232 448 2281 arum
469 2211 642 2292 obsequiis
670 2218 706 2280 te
735 2210 985 2293 saginaturum,
1013 2232 1132 2281 omnes
1161 2211 1351 2295 affinnant;

346 2329 407 2400 sed
433 2351 543 2414 quum
568 2330 719 2412 primum
744 2328 856 2410 proles
881 2333 943 2397 tua
968 2335 1050 2396 nata
1063 2328 1181 2411 fuerit,
1197 2329 1351 2412 opimiori

346 2447 468 2517 fructu
490 2446 669 2530 praeditam
683 2452 719 2514 te
735 2445 992 2515 devoraturum.
1007 2445 1054 2515 At
1069 2445 1123 2514 hic
1138 2445 1206 2515 iam
1223 2453 1352 2517 tuaest

345 2564 564 2647 existimatio,
587 2571 706 2634 utrum
728 2561 910 2644 sororibus,
937 2584 999 2645 pro
1025 2568 1087 2632 tua
1112 2563 1216 2634 chara
1241 2566 1352 2635 salute

346 2683 509 2765 sollicitis,
525 2681 683 2752 assentiri
698 2681 792 2762 velis,
808 2687 844 2749 et
858 2678 1025 2749 declinata
1039 2687 1160 2764 morte,
1174 2682 1352 2751 nobiscum

343 2823 469 2871 secura
484 2800 623 2884 periculi
650 2799 778 2881 vivere,
793 2820 839 2867 an
854 2797 1050 2868 saevissimae
1074 2798 1194 2868 bestiae
1218 2799 1351 2883 sepeliri

347 2918 546 2989 visceribus.
561 2917 689 3002 Quodsi
714 2922 750 2985 te
773 2914 864 2986 ruris
888 2914 991 2984 huius
1017 2915 1170 2984 vocalis⁰⁶
1194 2917 1351 3000 solitudo,

346 3036 404 3106 vel
418 3034 580 3106 venenati
595 3033 763 3118 serpentis
776 3032 954 3115 amplexus
968 3030 1157 3101 delectant:
1178 3043 1271 3104 certe
1285 3034 1351 3118 piae

343 3174 482 3223 sorores
497 3155 679 3222 nostrum⁹⁷
693 3151 910 3222 fecerimus.'’

432 3289 531 3357 Tunc
545 3286 677 3370 Psyche
699 3285 839 3369 misella,
862 3292 984 3369 utpote
1011 3284 1164 3367 simplex,
1190 3291 1226 3354 et
1246 3285 1351 3355 animi

343 3405 483 3488 tenella,
501 3405 634 3488 rapitur
648 3402 835 3474 verborum
851 3411 922 3473 tam
937 3402 1087 3472 tristium
1102 3402 1295 3484 tormidine,
1316 3410 1351 3473 et

345 3531 447 3594 extra
462 3523 648 3592 terminum
662 3520 788 3591 mentis
803 3541 875 3590 suae
889 3519 1009 3604 posita,
1032 3541 1171 3602 prorsus
1196 3519 1349 3590 omnium

344 3641 462 3710 mariti
476 3639 713 3719 monitionum,
727 3658 937 3719 suarumque
949 3635 1211 3719 promissionum
1224 3658 1351 3708 memo·

344 3759 434 3828 rtam
448 3756 584 3839 effudit,
599 3755 684 3826 etin
700 3754 911 3838 profundum
927 3753 1130 3824 calamitatis
1145 3775 1219 3824 sese
1234 3755 1352 3836 praeci-

341 3875 480 3960 pitavit,
495 3880 714 3956 tremensque
736 3879 773 3942 et
798 3871 964 3954 exsangui
990 3871 1101 3941 colore
1130 3871 1252 3954 lurida,
1282 3879 1351 3942 ter·

446 4127 489 4180 96.
506 4125 559 4178 Ubi
573 4141 654 4178 voces
664 4123 772 4190 quidem
786 4122 942 4182 audiuntur,
955 4122 1064 4175 videttu
1077 4127 1171 4175 tamen
1184 4138 1274 4176 nemo.

446 4226 489 4279 97.
508 4223 641 4278 Officium.
