3540 5156
683 961 785 1016 soron
807 963 853 1016 ur
873 961 1011 1018 raucus
1288 945 1352 1016 199

352 1148 477 1198 nomen
490 1129 740 1214 continebatur,
755 1137 792 1201 et
805 1137 941 1202 caetera.
970 1132 1044 1210 Quo
1067 1128 1173 1212 facto,
1196 1125 1356 1211 protinus

353 1243 494 1316 domum
508 1247 655 1317 secessit.

437 1361 511 1433 Nec
525 1363 716 1436 Mercurius
729 1365 842 1436 omisit
855 1364 1065 1448 obsequium.
1077 1363 1168 1434 Nam
1178 1382 1240 1447 per
1249 1359 1356 1432 omni·

353 1500 413 1549 um
433 1501 494 1551 ora
514 1483 717 1565 populorum
732 1481 858 1566 passim
883 1482 1086 1564 discurrens,
1111 1481 1158 1551 sic
1181 1479 1355 1551 mandatae

349 1596 598 1680 praedioationis
610 1621 738 1670 munus
750 1585 1016 1683 exsequebatur:

439 1712 574 1799 “Siquis
597 1737 619 1786 a
643 1717 732 1799 fuga
755 1717 942 1800 retrahere,
965 1716 1022 1786 vel
1035 1714 1203 1785 occultam
1217 1712 1356 1783 demon·

355 1836 464 1901 strare
489 1832 616 1916 poterit
637 1833 824 1916 fugitivam
849 1833 940 1917 regis
952 1831 1067 1915 filiam,
1090 1829 1233 1901 Veneris
1256 1829 1358 1899 ancil·

354 1949 432 2032 lam,
444 1950 580 2020 nomine
591 1950 767 2034 Psychem,
783 1951 964 2020 conveniat
976 1958 1068 2020 retro
1087 1951 1245 2018 metas¹⁴²
1261 1946 1353 2029 Myr·

355 2072 429 2136 teas
443 2065 653 2136 Mercurium
674 2065 942 2151 praedcatorem,
965 2072 1168 2149 accepturus
1192 2063 1354 2134 indicii¹⁴³

353 2182 491 2253 nomine
505 2185 549 2254 ab
563 2184 773 2267 ipsaVenere
784 2192 914 2269 septem
925 2185 1080 2269 savia,¹⁴⁴
1095 2191 1131 2254 et
1144 2203 1253 2254 unum
1263 2181 1358 2252 blan·

354 2299 478 2370 dientis
493 2302 639 2384 appulsu
653 2303 780 2386 linguae
794 2302 896 2385 longe
910 2301 1109 2372 mellitum.''

437 2416 492 2487 Ad
515 2417 606 2488 hunc
632 2419 770 2489 modurn
796 2419 1039 2502 pronuntiante
1065 2417 1245 2500 Mercurio,
1265 2415 1354 2486 tanti

353 2535 484 2618 praemii
499 2534 622 2619 cupido
637 2537 793 2606 certatim
808 2537 962 2606 omnium
981 2533 1177 2606 mortalium
1200 2534 1353 2604 studium

353 2659 540 2722 arrexerat.
555 2655 711 2735 Quaeres
723 2675 816 2724 nunc
829 2655 885 2724 vel
900 2652 1048 2723 maxime
1057 2653 1196 2723 sustulit
1207 2651 1356 2734 Psyches

354 2769 642 2840 contationem.¹⁴⁵
658 2771 799 2854 lamque
813 2772 907 2841 fores
920 2771 995 2839 eius
1004 2769 1151 2839 dominae
1161 2768 1355 2851 proximant

354 2887 502 2956 occurrit
514 2909 584 2957 una
599 2888 642 2957 de
654 2887 881 2958 famulatione
889 2886 1043 2968 Veneris,
1053 2885 1189 2956 nornine
1204 2885 1355 2956 Consue-

354 3003 450 3086 tudo,
464 3003 650 3087 statimque
665 3011 833 3088 quantum
847 3004 995 3074 maxime
1009 3002 1132 3086 potuit,
1143 3001 1356 3072 exclamavit:

439 3117 614 3190 “Tandem
629 3121 749 3192 aneilla
762 3121 979 3204 nequissima,
993 3119 1167 3190 dominam
1181 3118 1308 3189 babere
1322 3125 1358 3190 te

456 3357 514 3409 142.
535 3353 626 3418 Meta,
641 3361 683 3408 est
694 3355 785 3416 statio,
803 3357 936 3410 stationes
946 3357 976 3408 in
991 3355 1078 3416 Circo,
1089 3370 1157 3421 quae
1168 3353 1282 3407 athletae
1293 3369 1358 3419 prae·

354 3445 513 3500 tercurrere,
533 3437 627 3491 autad
639 3454 707 3504 quas
717 3453 880 3504 procurrere,
893 3445 942 3492 sut
954 3439 1092 3506 suffugere
1103 3437 1248 3490 debebant.
1256 3435 1357 3490 Scribae

355 3530 384 3578 et
396 3525 560 3589 interpretes
571 3521 689 3574 nimium
708 3527 841 3589 quantum
867 3523 1000 3576 voeabula
1023 3522 1147 3591 quaedam
1172 3520 1356 3575 contundunt.

355 3607 401 3661 Slc
414 3607 508 3660 Venus
518 3607 602 3658 etiem
613 3605 857 3671 cognominabatur
869 3606 962 3660 Venus
974 3607 1088 3672 Myrtea,
1105 3611 1212 3673 myrtus
1232 3605 1306 3658 enim
1330 3605 1357 3658 el

355 3705 433 3743 secra
446 3695 519 3751 erst;
536 3705 592 3742 una
604 3695 697 3742 autern
710 3695 844 3742 metarum
857 3688 886 3742 in
899 3690 977 3744 Circo
987 3706 1070 3757 prope
1092 3696 1151 3744 eret
1170 3689 1204 3742 ad
1226 3689 1356 3743 sacellum

356 3773 470 3826 Venerio
492 3772 619 3839 Myrteae;
636 3787 670 3824 ex
694 3771 745 3824 boc
769 3772 901 3825 vocabulo
924 3772 1292 3837 leceruntmuroe'om(boc
1305 3780 1358 3834 eet,

355 3855 521 3918 muniam),
534 3855 605 3922 qaod
617 3854 733 3922 deniqne
752 3854 888 3908 detortum
907 3860 950 3909 est
968 3856 999 3908 in
1020 3855 1200 3919 murcidam,
1224 3857 1296 3922 qaod
1313 3873 1355 3910 ee·

355 3955 447 4008 mem,
459 3939 579 3993 desidem
589 3954 622 3991 ac
633 3938 741 4004 pigrum
754 3938 901 4004 significat.

459 4025 516 4076 143.
533 4022 679 4075 Praemium
690 4021 859 4088 proditionis.

458 4108 515 4160 144.
532 4102 666 4168 Savium,
682 4104 832 4168 emotum,
848 4106 962 4169 basim,
975 4106 1109 4161 osculnm.

459 4189 516 4244 145.
533 4189 686 4251 Cunctetio,
698 4189 840 4251 dubitatio,
853 4189 1026 4252 incertitudo,
1039 4191 1131 4255 baio,
1143 4207 1226 4246 more.
