3540 5156
422 943 488 1012 204
758 959 861 1013 anon
883 961 931 1013 nr
952 960 1092 1016 esrcuu

424 1126 595 1197 dominam
610 1129 731 1197 saltem
741 1128 882 1198 secundi
891 1127 1015 1198 laboris
1025 1127 1224 1211 periculum,
1235 1126 1424 1196 secundum

422 1243 655 1315 testimonium
669 1245 814 1328 meruit;
836 1245 896 1316 sed
920 1245 1085 1315 contortis
1107 1244 1293 1329 superciliis
1315 1242 1424 1314 subri-

423 1359 508 1430 dens
522 1383 687 1445 amarum,
703 1363 751 1432 sic
764 1363 893 1446 inquit:

509 1477 602 1550 “Nec
630 1501 686 1550 me
715 1481 867 1564 praeterit
891 1481 995 1552 huius
1024 1503 1161 1564 quoque
1190 1479 1273 1550 facti
1307 1483 1427 1548 auctor

423 1595 644 1667 adulterinus.
659 1597 725 1668 Sed
739 1599 807 1668 iam
821 1620 914 1669 nunc
927 1621 992 1682 ego
1007 1599 1123 1670 sedulo
1144 1597 1360 1682 periclitabor
1380 1617 1425 1665 an

424 1715 548 1798 oppido
562 1715 646 1785 forti
660 1716 783 1798 animo,
798 1717 1033 1800 singularique
1047 1715 1229 1799 prudentia
1244 1715 1290 1784 sis
1304 1713 1425 1797 praedi-

425 1838 470 1902 ta
486 1831 635 1902 Videsne
649 1832 862 1903 insistentem
877 1833 1068 1904 celsissimae
1083 1833 1129 1902 illi
1143 1831 1221 1915 rupi
1233 1831 1360 1901 montis
1373 1852 1427 1899 ar·

425 1949 485 2018 dui
500 1949 673 2031 verticem,
688 1950 731 2019 de
746 1972 815 2033 quo
830 1950 937 2020 fontis
952 1951 1018 2020 atri
1032 1950 1141 2020 fuscae
1154 1948 1312 2018 defluunt
1322 1947 1427 2018 undae

424 2067 655 2150 proximaeque
670 2069 910 2151 conceptaculo
925 2068 1023 2137 vallis
1039 2068 1178 2137 inclusae
1203 2064 1340 2148 Stygias
1354 2065 1428 2134 irri-

425 2191 510 2267 gant
525 2184 675 2268 paludes,
690 2192 727 2254 et
740 2207 850 2268 pauca
864 2185 982 2268 Cocyti
996 2185 1128 2255 fluenta
1141 2183 1324 2254 nutriunt?
1339 2181 1428 2252 Indi·

424 2302 468 2371 de
481 2302 564 2371 mihi
588 2301 630 2372 de
651 2304 776 2372 summi
801 2303 919 2372 fontis·
932 2303 1049 2386 penita
1077 2300 1285 2384 scaturigine
1316 2320 1428 2369 rorem

423 2417 594 2502 rigentem
628 2419 857 2490 hauritum¹⁵0
893 2419 959 2490 ista
990 2417 1172 2490 confestim
1202 2417 1337 2488 deserto
1369 2438 1426 2487 ur-

423 2535 537 2606 nula.”

507 2651 561 2723 Sic
576 2653 679 2736 aiens,
693 2654 851 2736 crystallo
864 2653 1062 2723 dedolatum
1076 2653 1263 2734 vasculum,
1286 2652 1426 2735 insuper

423 2772 454 2840 ei
469 2770 629 2853 graviora
643 2771 857 2854 comminata,
873 2770 1022 2840 tradidit.

510 2905 557 2974 At
571 2905 627 2974 illa
640 2904 791 2974 studiose
804 2904 952 2987 gradum
979 2905 1139 2986 celerans,
1165 2903 1292 2973 montis
1317 2910 1428 2973 extre·

425 3042 525 3091 mum
533 3022 621 3105 petit
629 3021 816 3104 cumulum,
825 3028 918 3092 certe
929 3023 984 3092 vel
994 3021 1253 3092 illicinventura
1261 3021 1344 3091 vitae
1357 3041 1430 3100 oss·

424 3139 519 3209 simae
534 3139 648 3210 finem.
664 3139 730 3211 Sed
745 3161 855 3223 quum
869 3139 1019 3222 primum
1040 3138 1194 3222 predicti
1209 3138 1283 3221 iugi
1298 3144 1430 3208 conter-

424 3255 536 3326 minos
550 3256 641 3327 locos
654 3256 796 3340 appulit,
811 3255 907 3326 videt
922 3257 971 3326 rei
987 3265 1096 3327 vastae
1110 3256 1272 3326 lethalem
1286 3255 1428 3325 difficul-

423 3380 542 3443 tatem.
550 3373 708 3458 Namque
717 3397 838 3446 saxum
847 3375 986 3446 immani
994 3373 1230 3458 magnitudine
1238 3393 1428 3457 procerum,

428 3499 464 3561 et
489 3492 661 3562 inaccessa
686 3493 884 3563 salebritate
903 3493 1084 3576 lubricum,
1121 3491 1242 3562 mediis
1271 3491 1461 3561 faucibus'

422 3609 544 3693 lapidis
558 3611 673 3680 fontes
686 3610 840 3681 horridos
855 3609 1045 3692 evomebat,
1060 3609 1119 3693 qui
1134 3609 1251 3680 statim
1266 3607 1364 3692 proni
1375 3607 1428 3678 fo·

423 3727 563 3798 caminis
576 3728 707 3798 lacunis
720 3728 811 3811 editi,
827 3750 957 3812 perque
971 3727 1120 3812 proclive
1143 3726 1281 3810 delapsi,
1308 3733 1344 3796 et
1369 3747 1432 3796 on·

421 3845 516 3928 gusti
531 3845 657 3915 canalis
671 3853 805 3915 exserto
820 3845 967 3916 contecti
981 3843 1129 3927 tramite,
1143 3843 1334 3927 proximam
1350 3863 1430 3913 con·

423 3961 548 4032 vallem
577 3963 724 4033 latenter
758 3961 970 4043 incidebant;
1007 3960 1130 4032 dextra
1157 3961 1315 4043 levaque
1347 3959 1430 4030 coti·

529 4195 586 4250 1⁵0.
603 4195 703 4249 Formo
714 4195 837 4250 obsoleta
849 4210 897 4262 pro
910 4192 1062 4249 Modum.
