3522 5156
622 949 794 1006 Lucanus
824 947 999 1003 manuuu
1273 929 1314 1002 15

314 1121 425 1206 supia¹
439 1140 635 1192 aureorum.
656 1117 712 1190 Sic
724 1117 916 1188 instructus
929 1115 1119 1187 Aladdinus
1139 1115 1183 1186 ad
1197 1114 1312 1185 confe-

314 1238 461 1310 rendum
475 1257 511 1308 se
527 1236 562 1306 in
578 1235 710 1320 regiam
729 1235 796 1306 iter
815 1233 1017 1318 ingreditur.
1039 1233 1134 1304 Inter
1158 1232 1313 1303 eundum

312 1355 403 1428 servi
419 1355 472 1426 sui
486 1375 621 1439 pugnos
634 1373 819 1424 aureorum
832 1351 868 1422 in
884 1351 1032 1422 mediam
1056 1348 1312 1421 multitudinem

311 1475 495 1556 lactarunt,
521 1493 557 1543 se
582 1469 886 1542 circumfluentem.
912 1468 1077 1540 Sultanus
1099 1467 1208 1538 libens
1232 1488 1313 1537 eum

312 1591 457 1675 excepit,
470 1597 508 1660 et
520 1589 556 1659 in
570 1587 735 1659 honorem
749 1587 824 1657 eius
847 1607 992 1670 magnas
1015 1585 1134 1668 epulas
1155 1585 1313 1668 apparari

311 1709 426 1791 iussit3
448 1712 689 1779 verumtamen
704 1725 813 1789 quum
828 1703 983 1787 depacto
1006 1703 1168 1775 connubii
1189 1704 1314 1788 ageba·

311 1835 371 1900 tur
384 1825 508 1896 litteris
521 1821 728 1905 mandando,
742 1820 932 1892 Aladdinus
945 1821 993 1890 sic
1005 1820 1104 1892 fatus
1116 1828 1186 1892 est:

395 1942 465 2014 “Mi
478 1940 739 2013 clementissime
754 1939 837 2021 Rex,
851 1938 1061 2009 connubium
1075 1960 1185 2024 usque
1200 1961 1240 2011 eo
1255 1940 1313 2010 de·

312 2061 495 2135 ferendum
510 2056 667 2140 arbitror,
693 2056 776 2127 dum
789 2056 825 2125 in
840 2077 943 2126 usum
966 2054 1084 2138 Regiae
1106 2055 1201 2126 Filiae
1223 2055 1314 2128 aedes

311 2181 386 2252 fieri
399 2198 527 2250 curem.
541 2173 634 2246 Velis
647 2173 731 2244 mihi
738 2172 897 2243 tundam
910 2171 1026 2258 largiri
1040 2171 1133 2243 haud
1153 2177 1271 2258 procul
1292 2197 1314 2248 a

312 2304 376 2369 tua
389 2293 518 2379 regia.”

396 2411 531 2492 “Sume,
545 2407 593 2478 mi
607 2407 665 2490 fili,
680 2406 831 2477 fundum
845 2427 907 2490 pro
922 2413 984 2477 tuo
1004 2405 1155 2490 arbitrio,
1171 2407 1313 2480 ubieun-

312 2551 380 2616 que
394 2527 512 2610 velis,”
527 2524 705 2608 respondit
718 2522 894 2595 Sultanus.

395 2645 462 2718 Vix
476 2644 618 2715 domum
632 2640 791 2725 pervenit
817 2639 1016 2724 Aladdinus,
1042 2641 1183 2724 genium
1207 2643 1316 2713 lucer·

312 2786 368 2836 nte
382 2762 499 2835 statim
513 2758 701 2832 arcessivit.

396 2878 466 2950 “Mi
478 2876 610 2961 genie,”
623 2873 737 2959 inquit
751 2872 951 2956 Aladdinus,
972 2871 1050 2943 “iao
1064 2873 1210 2946 aedifices
1224 2877 1315 2960 pala·

310 2998 400 3070 tium
414 3017 434 3068 e
449 2993 591 3066 materie
605 2992 777 3063 rarissima
791 3013 830 3062 ac
843 2990 1094 3076 pretiosissima,
1109 2992 1216 3076 Regia
1231 2993 1316 3066 mue

312 3115 466 3199 dignum.
482 3109 751 3182 Delinentionem
771 3106 912 3179 arbitrio
936 3114 999 3179 tuo
1024 3107 1232 3193 relinquam
1255 3110 1315 3181 sed

310 3233 347 3304 in
361 3228 616 3314 contignatione
631 3225 748 3310 palatii
762 3245 923 3308 suprema
937 3225 1052 3296 aulam
1066 3233 1242 3298 exstruere
1257 3250 1316 3299 ve-

310 3349 445 3421 liscum
461 3347 554 3417 tholo
569 3351 674 3427 atque
689 3349 839 3427 quatuor
852 3341 1027 3413 frontibus
1039 3342 1246 3428 aequalibus5
1268 3346 1315 3416 lo·

310 3488 351 3538 ro
365 3467 522 3545 laterum,
537 3461 686 3546 parietes
700 3481 719 3531 e
733 3459 840 3531 clavis
853 3466 957 3531 sunto
982 3459 1177 3531 alternatim
1201 3461 1317 3534 aureis

310 3589 347 3654 et
360 3579 544 3666 argenteis,
560 3585 663 3649 sunto
677 3583 797 3649 autem
811 3575 859 3647 ibi
875 3597 936 3647 sex
949 3577 1123 3660 fenestre,
1137 3577 1173 3648 in
1189 3579 1316 3662 quibus

311 3697 442 3771 olathra
455 3693 697 3767 adamantibus
710 3699 816 3778 atque
837 3693 1029 3778 smaragdis
1043 3692 1165 3766 decora
1180 3697 1315 3768 sunto.”

395 3815 592 3897 Antequam
614 3810 805 3883 Aladdinus
825 3811 990 3882 mandata
1015 3809 1059 3882 de
1081 3811 1315 3896 singularibus

413 4015 438 4068 ⁵.
458 4011 663 4080 Marmptum,
680 4010 727 4076 -a'i,
742 4017 785 4066 eat
801 4011 934 4074 sacculus,
950 4027 1023 4078 sape
1039 4011 1166 4074 sericeas,
1189 4028 1252 4066 oum
1268 4029 1316 4068 en·

312 4099 379 4154 nolo
391 4097 445 4152 lrue
457 4101 486 4152 et
498 4095 565 4150 illac
577 4095 682 4158 mobili,
692 4095 740 4163 qui
753 4095 893 4149 naculum
907 4094 1064 4148 alterutrim
1081 4094 1215 4158 occludit:
1233 4096 1263 4150 ln
1281 4113 1314 4152 eo

314 4197 440 4238 nummos
450 4195 547 4236 aureos
557 4185 587 4234 et
598 4183 745 4246 mntem
755 4183 865 4246 gerunt
