3554 5156
799 965 991 1023 cremum
1332 955 1394 1024 141

394 1129 477 1202 mihi
505 1131 684 1216 pulchram
712 1132 893 1219 virginem,
924 1135 1009 1220 quin
1037 1136 1140 1221 longe
1167 1136 1395 1221 pulchriorem

393 1267 498 1332 quam
526 1248 606 1332 ulla,
636 1269 716 1334 quae
739 1249 775 1320 in
800 1251 896 1336 regia
917 1255 1026 1336 patris
1044 1252 1111 1324 mei
1135 1253 1210 1326 visa
1230 1254 1285 1338 sit,
1305 1277 1396 1327 com·

393 1365 549 1450 parabit?
569 1367 673 1438 Palus
696 1367 731 1437 in
752 1367 824 1452 qua
847 1369 994 1454 victitat,
1018 1370 1152 1442 nullum
1177 1371 1298 1444 vivum
1324 1373 1395 1444 ani·

393 1505 492 1555 mans
512 1484 573 1555 alit
597 1483 661 1556 nisi
687 1483 845 1569 bufones,
876 1487 1048 1571 cenchres,
1069 1487 1221 1572 duaque
1248 1489 1395 1576 idgenus

390 1601 547 1675 hstias„

476 1720 612 1790 Interea
625 1725 743 1790 tumen
757 1719 848 1790 idem
861 1719 1055 1804 ingreditur
1068 1721 1143 1806 iter,
1166 1723 1330 1809 venitque
1350 1727 1395 1798 ad

392 1859 525 1921 saxum,
539 1835 599 1907 ubi
613 1835 840 1920 ingemiscens
853 1837 1007 1908 considet
1020 1839 1184 1922 pendenti
1207 1841 1330 1926 animo,
1352 1851 1394 1915 ut

392 1962 504 2038 antea,
517 1974 624 2038 prope
639 1958 789 2036 pontem.
810 1951 941 2038 “Eheu,
956 1957 1147 2027 ranuncula
1156 1956 1185 2027 l’
1199 1959 1298 2030 latur
1311 1959 1393 2045 ipse,

391 2073 481 2144 “iam
495 2093 587 2142 nunc
601 2069 685 2140 mihi
700 2069 860 2154 prodesse
874 2092 944 2142 non
958 2073 1118 2154 poteris”

474 2187 636 2260 “Minime
650 2186 685 2258 id
700 2187 830 2270 cures,''
845 2197 968 2259 coaxat
982 2191 1190 2274 ranuncula;
1204 2190 1327 2266 “modo
1341 2197 1393 2266 ta-

390 2319 464 2382 tere
478 2305 561 2392 quid
575 2325 668 2375 nunc
682 2305 731 2375 rei
746 2305 821 2375 sit.''
843 2305 972 2389 Regius
992 2307 1100 2390 igitur
1121 2307 1257 2381 iuvenis
1276 2311 1393 2384 docuit

390 2435 544 2500 veterem
557 2443 656 2494 suam
670 2422 825 2505 amicam,
850 2421 942 2506 quod
962 2423 1143 2495 discrimen
1169 2447 1206 2496 se
1231 2449 1393 2512 superve-

386 2547 503 2616 nisset.

472 2660 602 2743 “Carpe
616 2657 709 2728 viam
724 2656 895 2741 domum,''
910 2659 1086 2741 respondit
1108 2681 1202 2744 rana,
1229 2661 1392 2748 “pulchra

387 2787 506 2852 autem
519 2774 723 2859 virglmcula
736 2795 817 2844 mox
830 2781 866 2845 te
881 2775 1128 2859 subsequetur;
1150 2787 1389 2853 verumtamen

389 2896 452 2968 libi
465 2892 597 2966 caveris
610 2891 795 2976 quominus
808 2890 929 2974 rideas,
951 2891 1119 2974 quidquid
1140 2893 1230 2965 circa
1252 2903 1287 2966 te
1313 2919 1390 2969 eve·

388 3015 462 3086 nire
488 3007 784 3082 animadvertasl”
814 3008 876 3079 His
898 3009 1006 3092 dictis,
1032 3016 1073 3080 ut
1086 3017 1198 3094 antea,
1212 3013 1389 3098 inaquam

387 3130 517 3212 resiliit,
533 3136 569 3198 et
584 3149 603 3198 e
617 3131 802 3209 conspectu
817 3147 854 3196 se
869 3125 1042 3196 subduxit.

472 3245 620 3328 Regium
633 3243 796 3313 iuvenem
811 3263 920 3325 usque
935 3243 1081 3326 suspiria
1100 3245 1275 3330 tenebant,
1296 3250 1389 3332 quod

387 3365 503 3437 verbis
517 3383 610 3433 ranae
625 3360 725 3431 modo
740 3381 863 3444 pamm
885 3359 1093 3444 confidebat;
1115 3369 1270 3435 attamen
1295 3366 1388 3439 haud

386 3481 505 3567 procul
521 3479 660 3550 domum
675 3498 797 3548 versus
809 3497 1010 3560 progressus
1024 3485 1109 3560 erat,
1124 3499 1233 3562 quum
1256 3484 1389 3555 sonitus

385 3601 542 3671 insuetus
556 3617 577 3666 a
590 3603 689 3678 tergo
703 3594 766 3666 sibi
777 3593 821 3664 ad
832 3615 933 3664 aures
942 3594 1109 3678 pervenit,
1119 3595 1234 3680 itaque
1245 3599 1386 3670 circum·

386 3737 518 3798 versus,
534 3735 594 3784 sex
608 3713 712 3796 glires
723 3711 899 3794 aquaticos
922 3710 1181 3794 grandiusculos
1202 3717 1387 3802 conspexit,

385 3853 553 3918 peponem
567 3830 654 3900 bene
668 3849 845 3912 magnum,
858 3827 1043 3911 rhedaeque
1063 3827 1171 3899 instar
1185 3831 1320 3902 tolutim
1335 3855 1387 3904 se·

385 3971 465 4022 cum
478 3949 665 4020 trahentes.
687 3946 727 4016 In
742 3945 905 4016 sessibulo
919 3944 1007 4014 bene
1022 3951 1141 4028 pastus
1156 3944 1241 4018 bufo
1256 3949 1388 4022 senicu-

385 4068 440 4138 lus
453 4065 610 4148 aurigem
624 4061 761 4146 agebat,
775 4083 797 4132 a
811 4067 910 4144 tergo
926 4066 1043 4131 autem
1058 4061 1137 4132 dure
1150 4083 1245 4134 ranae
1259 4066 1388 4149 pedise-

386 4183 445 4268 qui
461 4180 611 4263 stabant,
627 4178 802 4262 utrimque
816 4184 932 4248 autem
948 4177 1059 4248 scituli
1073 4179 1230 4263 musculi,
1245 4202 1388 4267 propon-
