3522 5156
735 989 929 1046 emiscum
1287 977 1329 1050 35

411 1154 537 1228 “Recte
551 1156 700 1241 quidem,
714 1163 751 1228 et
764 1157 793 1228 si
806 1164 843 1228 te
856 1158 999 1242 probam
1009 1160 1218 1245 praestiteris,
1227 1161 1332 1234 etiam

326 1274 574 1360 participabisss’
588 1274 767 1358 pollicetur
780 1275 937 1348 matrina.
954 1275 1082 1348 “Curre
1096 1279 1198 1350 modo
1212 1278 1332 1351 inhor-

326 1401 411 1476 tum,
427 1392 621 1476 affertoque
637 1391 722 1462 milri
737 1395 963 1476 peponem.''¹⁶

410 1509 571 1582 Excurrit
599 1510 717 1594 itaque
747 1510 821 1594 ipsa
850 1510 887 1580 in
917 1511 1070 1595 hortum,
1093 1513 1330 1598 optimumque

326 1649 431 1713 quam
446 1628 595 1712 reperire
610 1633 746 1711 poterat
762 1630 931 1711 peponem
947 1631 1160 1714 comparavit
1179 1665 1221 1676 —
1244 1638 1332 1702 tam-

326 1747 390 1818 etsi
405 1745 498 1816 haud
514 1746 647 1815 clarum
663 1743 728 1828 ipsi
757 1752 842 1828 erat,
865 1747 1154 1829 quemadmodum
1179 1771 1266 1833 pepo
1287 1750 1331 1822 ad

327 1864 473 1936 ballistia
494 1863 638 1933 visenda
654 1861 718 1932 sibi
732 1862 811 1933 usui
826 1884 900 1934 esse
916 1873 1086 1947 posset-
1100 1887 1249 1949 eumque
1263 1887 1334 1936 ma-

326 1983 426 2052 trinae
442 2002 515 2051 suae
529 1981 732 2064 antepedes
746 1981 870 2066 posuit.
899 1981 963 2052 Dia
985 2003 1066 2052 eum
1088 1982 1261 2067 proscidit,
1282 1983 1332 2054 in·

326 2101 453 2171 testina
468 2099 605 2182 evulsit,
620 2099 781 2169 corticem
796 2106 914 2169 autem
936 2120 1000 2170 sua
1019 2099 1119 2183 virga
1143 2107 1332 2172 contrecta·

325 2217 388 2287 vit.
405 2216 498 2300 Pepo
513 2214 633 2285 eodem
649 2215 813 2300 temporis
837 2223 1009 2287 momento
1032 2217 1068 2286 in
1092 2239 1233 2288 auream
1259 2219 1333 2290 rhe-

325 2335 405 2406 dam
419 2355 607 2404 conversus
620 2341 683 2404 est.

410 2451 540 2522 Dehinc
554 2451 612 2522 dia
625 2451 772 2522 matrina
785 2451 998 2534 inspectabat
1022 2453 1257 2538 muscipulam,
1280 2476 1332 2527 re·

323 2571 482 2656 peritque
497 2570 534 2639 in
549 2591 591 2638 ea
600 2590 660 2640 sex
671 2570 770 2640 vivos
784 2569 1009 2640 muresTum
1021 2570 1223 2642 Cinisculam
1234 2572 1330 2656 paul·

325 2690 433 2761 lulum
462 2687 596 2772 aperire
611 2687 837 2770 muscipulam
861 2686 969 2770 iussit,
980 2693 1017 2757 et
1026 2694 1068 2758 ut
1077 2689 1223 2759 musculi
1240 2689 1330 2759 illinc

324 2806 522 2890 singillatim
535 2805 740 2887 evadebant,
755 2803 855 2887 virgs
882 2825 945 2875 sue
967 2804 1121 2888 singulos
1143 2812 1330 2877 contrecta·

325 2924 387 3006 vit,
401 2944 471 3008 quo
484 2924 590 3005 facto,
606 2920 733 3005 singuli
743 2921 780 2991 in
790 2941 974 3004 generosos
985 2943 1091 3006 equos
1101 2923 1226 2995 mutati
1237 2931 1330 3008 sunt,

325 3041 441 3126 sicque
454 3042 589 3111 factum
606 3047 660 3110 est
674 3047 716 3110 ut
727 3060 787 3110 sex
799 3039 966 3123 splendidi
978 3041 1153 3110 canastri¹⁶
1167 3041 1247 3125 equi
1260 3062 1333 3112 ma·

324 3159 428 3230 culati
454 3157 499 3228 ad
519 3155 714 3228 vehendam
745 3177 934 3240 peponeam
960 3155 1102 3227 rhedam
1127 3165 1252 3242 praesto
1273 3158 1331 3230 sd·

324 3282 465 3347 starem.

408 3391 531 3463 “Nunc
546 3391 695 3474 autem,”
722 3390 942 3475 prosequitur
968 3390 1025 3462 dis
1048 3391 1207 3474 matrina,
1232 3391 1331 3476 “ege-

324 3531 401 3582 mus
414 3509 530 3594 nliquo
545 3507 699 3592 surigass'

405 3625 489 3698 “Ibo
503 3625 652 3708 visum,''
667 3625 717 3695 ait
732 3624 911 3708 Ciniscula,
928 3623 1068 3696 “utrum
1083 3625 1119 3697 in
1133 3625 1242 3697 alters
1256 3647 1331 3698 mu·

424 3879 465 3934 1⁵.
481 3877 571 3948 Papo,
588 3877 659 3942 -os‘s,
676 3877 721 3944 (et
732 3893 757 3941 e,
773 3883 801 3932 et
814 3877 961 3940 obresit),
984 3883 1027 3931 est
1046 3877 1157 3932 fructus
1176 3883 1266 3941 tmae,
1283 3895 1330 3933 us-

323 3965 466 4029 sciturque
477 3963 508 4017 ln
521 3963 610 4018 hortis
622 3970 651 4017 et
661 3963 738 4030 egris
748 3978 782 4016 ex
793 3961 854 4024 viti,
866 3961 944 4014 humi
956 3962 1086 4028 serpenti,
1112 3976 1146 4014 ex
1168 3976 1269 4029 genere
1287 3979 1332 4017 cn-

321 4048 498 4110 curbitum,
509 4053 542 4100 ut
555 4047 679 4101 melones
690 4051 718 4100 et
730 4047 897 4100 cuedmues.

421 4131 462 4185 ld
480 4130 558 4194 Quod
569 4129 669 4196 incipit
685 4143 839 4192 canescere,
850 4144 937 4183 csnus
950 4128 1018 4190 fieri,
1030 4144 1088 4182 uon
1102 4128 1216 4182 omnino
1233 4144 1328 4194 canuc

320 4215 395 4272 color
405 4215 466 4268 fers
477 4214 611 4276 murinus,
619 4213 678 4267 sive
690 4213 856 4275 rinertoeusr
865 4228 952 4280 quus
965 4228 1021 4267 uon
1034 4211 1176 4274 candidus,
1183 4213 1228 4266 vel
1239 4213 1327 4276 albus,

321 4315 373 4354 nec
384 4299 492 4360 furvus,
504 4297 551 4351 sed
562 4298 593 4351 lu
606 4296 706 4351 medlo.
