3554 5156
561 929 820 986 euucnnmuoo
841 930 966 997 Arous
987 930 1115 984 ausura
1297 909 1338 980 65

338 1105 405 1168 tea
419 1097 584 1168 Attamen
597 1097 727 1170 diutius
741 1098 867 1169 ibidem
892 1100 1096 1170 morandum
1122 1121 1163 1170 ea
1188 1120 1248 1183 spe
1271 1104 1338 1167 sta·

339 1215 418 1297 tuit,
432 1221 473 1285 ut
488 1214 616 1299 aliquid
646 1215 801 1287 certioris
814 1216 857 1287 de
871 1216 991 1301 piratis
1004 1216 1229 1300 experiretur,
1242 1215 1340 1298 siquo

338 1353 419 1403 casu
434 1339 567 1416 partem
582 1353 655 1403 suae
669 1333 825 1418 pecnniae
840 1354 1043 1417 recuperare
1058 1339 1190 1418 posset;
1206 1339 1339 1402 atvero

338 1470 448 1532 quum
460 1457 537 1534 post
552 1457 690 1521 exactos
703 1450 834 1534 aliquot
847 1472 982 1521 menses
995 1451 1080 1520 nihil
1091 1451 1133 1520 de
1144 1471 1186 1520 ea
1200 1471 1237 1519 re
1251 1469 1340 1518 com·

339 1567 492 1650 perisset,
507 1567 612 1638 rebus
626 1568 763 1639 iniectis
776 1568 914 1638 domum
930 1568 961 1638 ei
978 1567 1193 1639 redeundum
1208 1573 1293 1638 erat.

421 1701 715 1786 Munusculorum,
745 1723 824 1786 quae
846 1701 926 1773 filiae
951 1703 995 1773 ab
1021 1724 1061 1772 eo
1087 1701 1338 1786 flagitaverant,

338 1819 550 1903 comparavit
577 1819 729 1900 nullum;
751 1821 849 1890 cuius
878 1820 926 1890 rei
951 1820 1159 1891 conscientia
1187 1819 1341 1890 animum

339 1957 441 2008 suum
456 1936 640 2007 admodum
651 1937 876 2007 contristavit.
898 1938 990 2018 Quin
1005 1959 1049 2009 ne
1064 1959 1176 2008 msam
1192 1936 1339 2021 quidem,

337 2075 442 2138 quam
457 2053 679 2125 Pulchritudo
693 2053 875 2137 petiverat,
884 2075 1082 2138 comparare
1091 2054 1239 2137 valebat,
1250 2052 1340 2138 quod

336 2170 512 2242 nunciam
525 2178 664 2254 tempus
677 2170 859 2241 hibernum
874 2178 959 2253 erat,
975 2179 1011 2242 et
1033 2171 1112 2242 ideo
1133 2171 1228 2242 nulla
1252 2191 1342 2240 com·

339 2288 452 2373 parari
467 2295 612 2372 poterat
634 2287 744 2358 Colles
764 2287 1030 2372 circumquaque
1051 2289 1189 2359 nivibus
1212 2287 1342 2358 uberri-

339 2406 404 2476 mis
418 2413 518 2475 erant
532 2405 669 2486 obsessi,
685 2405 814 2488 solique
828 2405 997 2489 equitanti
1011 2405 1266 2476 acerbissimum
1282 2405 1343 2475 fri·

339 2545 405 2607 gus
420 2529 495 2593 erat
509 2522 763 2606 perferendum.
786 2522 819 2592 N
821 2545 859 2592 ec
874 2523 992 2607 itaque
1006 2523 1132 2593 mirum
1158 2523 1186 2592 si
1211 2523 1342 2606 frigore

338 2647 444 2716 atoue
459 2639 586 2710 inedia⁹
599 2640 674 2710 fere
689 2640 867 2710 coniectus
880 2647 966 2724 erat,
982 2639 1108 2724 quibus
1121 2639 1218 2709 malis
1232 2660 1342 2710 acces·

338 2757 385 2827 sit
398 2758 488 2828 mala
508 2759 661 2840 fortuna,
688 2758 779 2840 quod
794 2780 815 2827 a
828 2758 886 2828 via
911 2779 974 2829 sua
1000 2757 1183 2828 aberravit.
1209 2756 1342 2828 Scilicet

335 2875 433 2945 nives
448 2875 568 2945 callem
576 2865 720 2957 'prorsus
735 2875 986 2958 oblitterarunt,
1011 2895 1075 2944 nec
1098 2875 1206 2944 ullum
1231 2881 1342 2944 exsta·

338 2990 398 3061 bat
412 2991 574 3062 indicium
589 3012 657 3075 quo
683 2992 750 3062 iter
773 3013 875 3062 suum
905 2991 1051 3074 dirigere
1070 2991 1248 3075 potuisset
1270 2991 1343 3061 Iam

338 3109 590 3192 postmeridiem
608 3115 693 3191 erat,
708 3130 771 3179 nec
797 3129 919 3192 parum
943 3109 1189 3179 sollicitabatur
1209 3129 1254 3178 ne
1275 3129 1343 3178 nox

337 3227 384 3296 illi
398 3226 646 3310 superveniret,
661 3226 757 3309 prius
772 3247 876 3309 quam
897 3226 1089 3309 suffugium
1105 3226 1253 3309 reperire
1267 3247 1342 3310 pos-

225 3397 231 3404 .
338 3350 401 3414 set.

421 3477 492 3548 lter
505 3499 607 3548 suum
621 3476 794 3560 paulisper
809 3483 1020 3560 prosecutus,
1036 3483 1118 3546 ante
1133 3497 1169 3546 se
1184 3475 1341 3559 protinus

337 3601 474 3665 vastum
499 3593 714 3676 conspicatur
739 3600 878 3676 xystum
907 3593 1101 3663 malorum¹⁰
1131 3593 1339 3675 aurantium,

436 3831 461 3884 9.
479 3830 570 3883 Fame.

436 3914 476 3967 10.
489 3911 575 3966 Molo
583 3910 783 3976 Amantium,
798 3911 911 3964 Linnaeo
925 3910 1013 3965 Citra
1023 3909 1222 3964 Aumatium.
1239 3911 1338 3964 Verum

338 3999 360 4052 si
373 3999 470 4058 fatear,
484 3996 557 4050 hunc
569 3997 716 4050 terminum
729 3995 885 4048 technicum
912 4011 967 4048 non
988 3995 1122 4061 intelligo.
1139 3993 1205 4061 Ego,
1226 4011 1258 4047 ex
1278 4010 1338 4048 mea

336 4087 420 4149 parte,
431 4081 490 4134 haec
504 4081 577 4134 mala
586 4079 734 4133 aaronita
746 4095 821 4140 voco,
835 4079 906 4146 quod
917 4092 1039 4140 auron,
1047 4091 1173 4139 numm,
1186 4083 1250 4131 sunt
1263 4093 1338 4131 voca·

336 4165 400 4220 bula
410 4164 516 4226 latina,
529 4165 641 4230 proinde
654 4165 736 4217 etiam
747 4166 901 4226 curantes,
917 4160 986 4226 ·tt'o,·
1004 4161 1050 4215 sed
1063 4177 1112 4214 cur
1124 4161 1267 4215 Genitivus
1278 4161 1338 4214 Plu-
