3554 5156
575 969 824 1026 auncrmrruno
842 973 961 1038 arom:
978 975 1102 1030 marn
1294 957 1338 1027 81

422 1136 551 1208 Eodem
580 1146 752 1210 momento
781 1141 944 1224 temporis
970 1141 1101 1212 sonitus
1126 1141 1340 1213 currentium

339 1253 466 1338 pedum
481 1255 738 1338 exaudiebatur,
754 1264 858 1340 atque
883 1257 1037 1330 homines
1061 1261 1158 1329 faces
1178 1259 1341 1330 ardentes

338 1393 454 1442 secum
482 1379 641 1455 gerentes
668 1395 730 1456 per
758 1373 897 1445 semitas
925 1377 1255 1460 appropinquabant,
1277 1375 1338 1459 qui

339 1510 456 1560 omnes
469 1495 609 1558 antrum
622 1489 850 1562 intraverunt.
864 1491 909 1562 Hi
922 1493 1037 1563 cuncti
1051 1499 1178 1564 stature
1192 1500 1291 1565 erant
1300 1493 1339 1562 in

339 1607 448 1688 horto,
463 1605 523 1676 sed
537 1627 629 1676 nunc
643 1607 853 1678 revixerunt.

421 1722 643 1794 Pulchritudo
657 1731 799 1808 stupens
812 1725 1061 1810 circumspexit.
1084 1727 1185 1798 quta
1199 1750 1236 1798 se
1246 1736 1340 1800 stan·

337 1850 408 1913 tem
423 1840 510 1912 vidit
523 1840 693 1923 iuvenem,
705 1863 808 1925 quem
822 1843 858 1912 in
872 1843 1011 1914 somniis
1024 1845 1059 1914 in
1074 1845 1199 1928 palatio
1214 1847 1341 1918 Bestiae

338 1979 472 2043 quaque
486 1964 585 2028 noete
599 1957 780 2030 convenire
794 1959 980 2031 consuevit.

419 2073 487 2145 “At
501 2073 561 2143 ubi
575 2080 629 2143 est
640 2074 796 2146 Bestia?”
807 2077 930 2159 quaerit
940 2077 1022 2161 ipsa
1034 2076 1110 2148 “Tu
1121 2085 1214 2148 certe
1224 2099 1338 2149 meam

337 2192 487 2264 Bestiam
502 2212 571 2260 non
586 2190 773 2261 occidisti?”

418 2307 519 2379 “Non
533 2307 638 2378 occidi
652 2308 759 2391 eam,”
782 2309 891 2379 refert
912 2309 1056 2380 iuvenis
1079 2309 1166 2383 “Sed
1192 2319 1233 2382 tu
1259 2333 1336 2384 earn

336 2425 496 2496 occidisti.
518 2424 593 2508 Ego
608 2424 770 2508 Princeps
783 2447 873 2508 sum,
886 2424 1009 2510 fuique
1024 2449 1045 2497 a
1060 2428 1207 2511 quadarn
1232 2428 1337 2514 impia

336 2542 391 2612 din
419 2543 455 2612 in
485 2547 677 2611 monstrum
702 2540 784 2612 illud
805 2548 970 2626 mutatus,
997 2543 1089 2626 quod
1113 2551 1155 2614 tu
1180 2567 1335 2629 noveras,

335 2660 517 2742 cunctique
530 2657 598 2728 mei
611 2657 733 2728 famuli
749 2657 784 2727 in
799 2666 934 2730 statuas
948 2667 1031 2730 sunt
1044 2663 1210 2732 conversi.
1226 2663 1337 2734 Fasci-

334 2799 420 2847 num
436 2797 546 2858 usque
560 2795 600 2846 eo
615 2775 883 2858 perduraturum
895 2783 979 2859 erat,
991 2776 1098 2848 donec
1108 2779 1207 2863 virgo
1221 2779 1337 2864 aliqua

335 2893 403 2965 huc
416 2915 480 2964 sua
494 2909 615 2976 sponte
629 2891 773 2975 veniret,
788 2913 893 2976 seque
916 2893 1000 2964 mihi
1024 2902 1213 2979 nupturam
1236 2918 1336 2982 spon·

335 3012 441 3082 deret.
467 3011 570 3081 Nunc
583 3017 623 3080 tu
638 3009 786 3093 ligamen
800 3010 922 3080 fascini
936 3011 1069 3096 rupisti,
1093 3013 1236 3096 prohinc
1258 3035 1343 3085 conv

333 3128 450 3198 testim
464 3125 633 3198 connubio
647 3125 863 3210 iungemurl'

417 3246 471 3317 Ad
485 3243 624 3328 nuptias
633 3242 852 3314 celebrandas
865 3243 946 3315 hinc
959 3245 995 3315 in
1009 3245 1175 3329 palatium
1189 3249 1341 3332 regressi

332 3370 423 3447 sunt,
439 3363 498 3433 ubi
513 3368 657 3446 patrem,
672 3362 808 3445 iratres,
823 3369 928 3445 atque
943 3383 1076 3433 sorores
1101 3364 1170 3434 iam
1194 3373 1343 3449 presto·

331 3481 442 3552 lantes
455 3459 683 3561 offenderunt,
699 3479 827 3563 quippe
842 3479 903 3562 qui
917 3500 982 3564 ope
993 3479 1116 3550 fascini
1129 3481 1197 3552 huc
1212 3483 1343 3566 perlatis

332 3604 441 3679 erant,
456 3617 519 3666 nec
535 3597 709 3666 scivenmt
725 3596 807 3680 quid
822 3596 872 3667 rei
885 3603 1074 3681 gereretur.
1097 3598 1212 3682 Quum
1235 3598 1342 3671 intel-⁴

331 3717 490 3786 lexerunt
515 3712 809 3784 Pulchritudinem
830 3735 900 3783 non
930 3713 1064 3796 Bestiae,
1091 3714 1150 3785 sed
1180 3717 1340 3788 formoso·

331 3830 480 3914 Principi
493 3836 692 3913 nupturam,
708 3851 811 3913 quem
826 3851 870 3900 ex
883 3829 1028 3902 vinculis
1040 3830 1218 3902 foedissimi
1231 3833 1338 3904 fasci·

330 3949 365 4020 ni
380 3947 587 4024 redemisset,
601 3947 702 4018 facile
716 3947 899 4031 perspicies
919 3954 1049 4031 quanto
1073 3949 1200 4032 gaudio
1225 3957 1336 4034 atque·

329 4064 493 4138 felicitate
506 4085 624 4134 omnes
637 4063 736 4134 fruiti
758 4070 880 4134 essent
