3554 5156
724 959 824 1024 noun
844 959 944 1014 vnn
1293 945 1334 1016 95

333 1127 463 1210 darem,
478 1149 587 1211 quum
613 1135 750 1212 tempus
774 1127 928 1199 mandati
955 1127 1162 1212 exsequendi
1186 1128 1336 1212 advenit,

334 1245 428 1316 nullo
442 1244 544 1316 modo
558 1252 724 1329 poteram,
740 1265 893 1330 eumque
908 1245 944 1314 in
957 1266 1041 1329 pace
1054 1244 1196 1316 dimisi.”

420 1362 492 1433 Hoc
519 1361 648 1444 audito,
673 1383 735 1432 rex
759 1383 895 1433 summo
914 1362 1042 1447 gaudio
1056 1363 1277 1448 afficiebatur,
1297 1385 1338 1435 ac

334 1502 397 1565 per
410 1488 524 1551 toturn
540 1499 687 1563 regnum
702 1479 903 1563 proclamari
918 1478 1025 1562 iussit,
1041 1486 1082 1549 ut
1096 1479 1124 1550 si
1138 1479 1229 1550 filius
1242 1481 1286 1552 ad
1300 1502 1338 1552 se

332 1598 369 1668 in
383 1597 515 1681 regiam
529 1603 775 1680 reverteretur,
792 1597 928 1667 veniam
942 1596 1153 1680 impetraret.

418 1713 527 1797 Regia
540 1713 671 1784 interea
685 1713 786 1797 virgo
802 1713 992 1784 liberatoris
1006 1713 1060 1783 sui
1075 1713 1224 1784 reditum
1237 1714 1338 1785 avide

334 1831 575 1915 exspectabam
598 1829 661 1901 hoc
676 1829 814 1901 consilio
828 1831 921 1902 viam
942 1851 986 1900 ex
1008 1851 1104 1914 auro,
1129 1853 1170 1902 ac
1193 1831 1337 1916 fulgido,

334 1951 429 2020 recta
443 1948 488 2018 ad
501 1953 636 2031 portam
652 1947 847 2030 ducentem,
861 1947 975 2031 parari
990 1948 1143 2032 curavit;
1165 1948 1281 2020 docuit
1290 1950 1340 2020 in·

335 2085 439 2148 super
454 2061 657 2135 domesticos
671 2062 764 2133 hunc
780 2063 918 2134 demum
934 2084 1058 2134 verum
1068 2086 1170 2136 suum
1180 2087 1255 2136 esse
1265 2087 1341 2150 pro-

335 2203 426 2264 cum,
441 2180 500 2264 qui
513 2200 575 2264 per
589 2179 682 2250 viam
697 2200 838 2250 auream
853 2183 947 2250 recta
961 2180 1005 2251 ad
1020 2187 1154 2264 portam
1169 2183 1341 2265 equitatu·

336 2320 397 2370 rus
410 2304 510 2381 esset,
525 2319 673 2380 eumque
695 2297 767 2368 sine
790 2317 887 2366 mora
911 2297 1199 2383 intromitterent;
1221 2307 1342 2370 contra

336 2416 532 2500 quicunque
554 2413 590 2484 in
616 2415 783 2485 alterutro
804 2413 911 2485 latere
926 2415 1108 2498 equitaret,
1133 2415 1260 2488 scirem
1283 2438 1340 2487 ve

335 2553 416 2604 rum
430 2553 571 2616 procum
585 2552 655 2601 non
668 2553 753 2614 esse,
767 2530 912 2614 ideoque
927 2552 1007 2602 eum
1022 2531 1138 2602 statim
1153 2531 1197 2604 ab
1211 2533 1342 2618 ingres·

335 2673 378 2724 su
392 2654 558 2720 arcerent

419 2768 572 2850 Tempus
586 2763 733 2848 denique
747 2764 888 2835 advenit
913 2786 1023 2849 quum
1045 2765 1148 2838 filiius
1170 2767 1342 2840 maximus

336 2891 423 2956 natu
447 2883 650 2954 tentandum
677 2889 847 2952 statueret
873 2882 1004 2966 regiam
1034 2883 1204 2967 virginem
1229 2885 1344 2957 visum

336 3002 398 3086 ire,
413 3002 514 3084 eique
529 2999 736 3084 persuadere
750 3020 787 3070 se
802 2999 877 3070 eius
901 2999 1119 3071 liberatorem
1130 3000 1251 3084 fuisse,
1266 3023 1343 3074 earn

336 3120 373 3192 in
387 3139 531 3190 uxorem
546 3124 717 3201 expetere,
743 3137 919 3200 regnoque
944 3117 1019 3188 eius
1045 3117 1155 3200 potiri.
1180 3117 1229 3189 Ut
1257 3118 1286 3190 is
1306 3120 1342 3190 in

336 3242 561 3320 conspectum
570 3233 800 3318 palatiivenit,
808 3232 970 3316 viamque
980 3255 1120 3305 auream
1131 3234 1346 3308 animadver-

336 3355 391 3439 tit,
405 3374 483 3424 eam
497 3351 767 3434 contemplatum
788 3349 952 3432 substitit,
968 3357 1004 3420 et
1018 3350 1067 3421 sic
1081 3373 1198 3422 secum
1211 3352 1345 3424 ratioci-

336 3471 506 3542 nabatur:
529 3466 713 3552 “Iniquum
729 3473 821 3537 esset
841 3467 927 3536 adeo
948 3465 1127 3550 pulchram
1142 3468 1235 3538 viam
1249 3490 1345 3552 pere·

337 3586 504 3674 quitando
519 3585 706 3667 deturpare
715 3583 745 3666 ;'’
768 3582 909 3667 prohinc
930 3583 974 3653 ad
998 3590 1132 3654 rectum
1155 3585 1246 3655 latus
1269 3587 1345 3658 eius

338 3727 375 3778 se
390 3702 542 3776 divertit.
568 3702 616 3772 At
630 3722 724 3783 vero,
740 3723 848 3783 quum
863 3700 907 3770 ad
930 3707 1064 3783 portam
1087 3701 1237 3786 advenit,
1259 3703 1346 3787 vigi-

337 3823 388 3894 loe
400 3825 574 3905 negarunt
588 3839 670 3890 enm
684 3817 781 3888 illum
794 3839 879 3898 esse,
907 3839 1011 3901 quem
1025 3839 1098 3888 esse
1122 3839 1158 3888 se
1182 3818 1344 3890 obtende·

339 3945 403 4021 ret,
418 3957 567 4019 eumque
581 3935 625 4006 ad
641 3933 818 4018 proprium
833 3934 1013 4017 negotium
1033 3934 1225 4005 ornandum
1248 3935 1346 4006 dimi·

340 4061 474 4128 serunt.

426 4170 545 4240 Paullo
559 4175 637 4252 post
652 4168 740 4238 alter
760 4165 851 4237 filius
875 4165 992 4250 regius
1017 4165 1108 4236 idem
1134 4166 1199 4237 iter
1224 4166 1344 4239 eodem
