3522 5156
409 979 452 1048 42
812 995 1007 1051 cmrsccu

492 1163 609 1244 Quum
622 1183 754 1234 sorores
767 1163 908 1234 domum
921 1173 1152 1248 reverterunt,
1166 1164 1335 1236 Cmisculn
1349 1165 1410 1235 sti-

406 1279 595 1352 scitabatur
603 1280 830 1352 abiisntrnm
839 1282 1046 1353 tanumdem
1055 1282 1411 1366 delectamentiqum

407 1403 484 1466 tum
499 1405 602 1467 antea
615 1397 740 1468 itidem
755 1399 996 1482 pernepissent,
1008 1407 1114 1484 atque
1127 1407 1248 1470 utrum
1257 1399 1411 1469 mimills

409 1513 616 1596 Regial'ilia
636 1515 762 1586 iterum
785 1517 1008 1586 interfuisset
1029 1515 1094 1587 Hae
1118 1518 1311 1587 retulenmt
1334 1537 1411 1586 eam

408 1652 546 1715 qnoque
560 1631 768 1715 interfuisse,
778 1641 1032 1717 narraruntqne
1042 1633 1331 1717 quemadmodum
1340 1654 1411 1704 me·

408 1747 831 1832 dianocte,undsuarnm
856 1751 1027 1821 solearum
1051 1751 1242 1822 vitrearum
1268 1751 1412 1833 deiectu,

408 1865 628 1949 profligisset
663 1865 836 1937 Praeterea
860 1867 965 1937 etiam
989 1867 1181 1938 docuerunt
1204 1867 1409 1938 Ciniscnlam

408 1980 554 2064 Regium
569 1982 692 2053 Filium
718 1983 845 2054 soleam
869 1983 963 2054 illam
988 1985 1136 2055 vitream
1160 1984 1349 2066 sustulisse,
1369 2004 1410 2054 ac

406 2099 555 2169 multum
569 2105 606 2169 et
621 2099 680 2170 din
694 2121 771 2170 eam
785 2100 992 2170 demiratum
1005 2121 1089 2170 ma
1100 2100 1256 2185 Denique
1270 2099 1411 2170 subiun-

405 2223 542 2300 xemnt,
557 2215 704 2300 Regium
720 2217 845 2288 Filium
870 2217 1049 2301 pulchram
1074 2218 1166 2288 illam
1192 2225 1229 2288 et
1253 2218 1409 2302 ignotam

407 2333 566 2416 puellam,
581 2355 661 2418 quae
675 2335 802 2407 soleam
826 2335 996 2418 miserat
1019 2335 1093 2406 sine
1117 2335 1331 2407 dubitatione
1352 2335 1409 2406 de·

406 2451 528 2536 perire.

490 2569 563 2640 Nec
577 2569 612 2639 in
627 2590 669 2640 ea
683 2591 721 2640 re
736 2578 949 2641 erraverunt
964 2570 1102 2640 Etenim
1116 2591 1196 2640 mox
1206 2577 1314 2654 posta
1324 2591 1410 2654 prae·

405 2685 547 2756 conibus
561 2707 838 2771 quaquaversum
852 2687 1017 2757 tubarum
1039 2687 1199 2772 clangore
1222 2687 1407 2771 proclama·

406 2809 482 2874 tum
497 2811 550 2874 est
565 2803 672 2887 Regio
686 2803 771 2875 lilio
783 2804 820 2874 in
842 2804 934 2876 votis
948 2825 1022 2875 esse
1036 2827 1112 2875 eam
1126 2806 1285 2888 puellam,
1308 2805 1407 2876 cuius

404 2919 440 2991 in
455 2919 559 3005 pedes
572 2919 696 3004 pusilla
710 2922 801 2993 solea
814 2921 929 2992 vitrea
953 2921 1149 3005 quadraret,
1162 2921 1333 2992 connubio
1345 2921 1409 2992 sibi

404 3035 557 3122 iungere.

486 3154 559 3225 Hoc
573 3153 699 3237 audito,
714 3175 861 3238 qumque
874 3155 988 3238 puella
1000 3155 1105 3239 coepit
1117 3155 1243 3226 soleam
1260 3155 1406 3226 vitream

401 3277 536 3342 tentare
551 3307 591 3318 -
606 3270 702 3355 prius
715 3271 854 3355 quidem
867 3271 947 3342 filiae
960 3271 1163 3356 principum,
1178 3272 1315 3355 ducum,
1330 3279 1405 3343 tum

401 3389 477 3460 aliae
492 3389 613 3474 puellae
626 3389 756 3460 aulicae.
771 3388 819 3459 At
833 3395 958 3460 cuncta
968 3389 1041 3460 haec
1052 3390 1233 3472 incassum,
1243 3392 1406 3474 quoniam

401 3506 492 3578 solea
505 3505 617 3576 vitrea
631 3505 709 3589 pedi
723 3505 852 3576 nullius
866 3506 1101 3577 conveniebat.

484 3621 649 3695 successu
663 3623 827 3706 temporis
848 3623 952 3708 Regis
975 3644 1149 3708 praecones
1163 3626 1207 3696 ad
1222 3647 1298 3695 eam
1322 3645 1406 3709 quo·

401 3763 469 3826 que
499 3741 639 3812 domum
667 3741 883 3814 devenerunt
918 3743 978 3814 ubi
1014 3743 1183 3815 Ciniscula
1211 3743 1398 3815 habitabat.

400 3859 554 3944 Quaque
569 3879 724 3930 sororum
739 3859 812 3931 eius
826 3881 888 3944 pro
902 3859 1036 3932 viribus
1049 3861 1209 3933 tentabat
1219 3861 1341 3946 pedem
1351 3881 1405 3932 so·

398 3975 462 4048 leae
475 3975 634 4059 inserere,
649 3997 726 4047 eam
740 3983 856 4048 tamen
881 3977 1044 4050 inducere
1064 3979 1159 4049 nullo
1184 3985 1285 4062 pacto
1304 3979 1403 4050 valu-

402 4099 515 4167 erunt.

485 4210 652 4284 Ciniscula
661 4211 760 4284 testis
768 4211 842 4284 eius
849 4215 1003 4296 conatus,
1011 4213 1406 4298 agnovitsuumsoleam
