3540 5156
644 977 749 1031 anon
770 977 818 1029 nr
841 975 980 1030 rsrcnr
1244 955 1306 1026 189

306 1149 378 1213 tam
392 1149 640 1228 natantemque
655 1150 795 1228 propter
817 1143 988 1225 assistens,
1009 1141 1138 1212 indicat
1152 1140 1311 1211 adultum

306 1257 416 1329 filium
430 1260 505 1330 eius
518 1261 618 1344 gravi
633 1261 786 1331 vulneris
799 1260 914 1331 dolore
929 1266 1143 1341 moerentem,
1164 1257 1310 1328 dubium

306 1376 426 1446 salutis
439 1376 560 1461 iacere,
586 1378 723 1461 iamque
738 1399 799 1461 per
814 1383 1016 1447 cunctorum
1031 1397 1091 1446 ora
1106 1376 1310 1458 populorum

306 1493 502 1564 rumoribus
515 1494 740 1578 convitiisque
754 1494 859 1564 variis
883 1515 1020 1564 omnem
1043 1492 1186 1564 Veneris
1208 1492 1312 1562 fami·

307 1610 387 1681 liam
401 1611 490 1680 male
504 1611 645 1694 audire,¹
654 1615 682 1658 ¹⁷
699 1611 790 1694 quod
803 1611 860 1681 ille
875 1609 1014 1694 quidem
1025 1613 1188 1680 montana
1202 1609 1313 1680 diver·
1341 1605 1343 1612 '

307 1727 448 1810 satione,
470 1734 511 1798 tu
525 1749 610 1798 vero
635 1729 767 1798 marino
793 1733 918 1797 natatu
943 1726 1157 1797 secesseritis.
1179 1725 1229 1795 Ac
1251 1747 1313 1810 per

307 1843 371 1914 hoc
386 1865 455 1914 non
469 1843 637 1929 Voluptas
651 1845 730 1928 ulla,
746 1866 815 1914 non
831 1844 953 1928 gratia,
969 1865 1037 1913 non
1053 1843 1173 1925 Lepos,
1188 1841 1249 1912 sed
1262 1843 1313 1912 in·

306 1968 453 2045 compta,
468 1969 505 2031 et
519 1962 678 2046 agrestia,
693 1969 729 2032 et
742 1961 881 2032 horrida
903 1968 1028 2031 cuncta
1050 1960 1136 2030 sint:
1159 1981 1228 2030 non
1250 1981 1314 2030 nu·

308 2077 392 2162 ptiae
415 2079 623 2162 coniugales,
638 2101 707 2149 non
722 2078 882 2148 amicitiae
905 2077 1053 2160 sociales,
1075 2099 1144 2146 non
1168 2077 1314 2147 liberam

309 2194 504 2278 charitates,
520 2195 580 2265 sed
595 2195 743 2266 enormis
756 2195 899 2278 illuvies,
913 2201 949 2263 et
961 2194 1192 2277 squalentium
1208 2195 1316 2265 foede·

308 2332 387 2381 rum
400 2311 546 2382 insuave
558 2311 746 2382 fastidium.

394 2428 457 2498 Hic
472 2429 530 2499 illa
544 2429 700 2512 verbosa,
713 2436 750 2499 et
766 2429 850 2499 satis
874 2429 1008 2499 curiosa
1022 2429 1106 2511 avis,
1122 2429 1157 2498 in
1173 2428 1316 2500 auribus

311 2545 456 2615 Veneris
480 2545 540 2616 filii
566 2547 718 2616 lacerans
743 2546 1038 2629 existimationem,
1051 2546 1247 2630 ganniebat
1269 2548 1318 2617 At

311 2662 430 2733 Venus
442 2663 532 2733 irata
546 2663 704 2733 solidum¹
713 2668 742 2707 ¹⁸
758 2665 926 2734 exclamat
941 2671 1096 2747 repente:

396 2778 509 2864 “Ergo
532 2781 601 2850 iam
627 2781 682 2850 ille
708 2780 819 2850 bonus
831 2781 922 2851 lilius
934 2802 1033 2851 meus
1047 2780 1151 2852 habet
1172 2782 1316 2852 amicam

312 2897 484 2979 aliquam?
506 2897 638 2980 Prome,
653 2919 718 2980 age
732 2904 772 2967 tu
788 2919 865 2980 quae
879 2898 950 2967 sola
964 2897 1046 2967 mihi
1069 2899 1178 2969 servis
1202 2919 1319 2968 aman-

313 3020 376 3096 ter,
384 3034 510 3082 nomen
520 3015 595 3084 eius
605 3035 683 3096 quae
692 3035 838 3098 puerum
849 3014 1039 3097 ingenuum
1052 3022 1087 3084 et
1096 3015 1277 3086 investem¹
1287 3020 1317 3062 ¹⁹

313 3129 522 3211 sollicitavit;
544 3130 616 3200 sive
641 3130 698 3200 illa
712 3130 755 3200 de
769 3130 1009 3214 Nympharum
1030 3133 1166 3216 populo,
1191 3155 1252 3203 seu
1274 3133 1318 3204 de

314 3247 487 3318 Horarum
511 3268 665 3329 numero,
690 3269 751 3317 seu
775 3247 818 3318 de
841 3248 1018 3319 Musarum
1047 3249 1160 3332 choro,
1191 3250 1246 3320 vel
1275 3251 1319 3322 de

315 3385 473 3435 mearum
489 3363 686 3435 Gratiarum
700 3363 919 3434 ministerio.”

396 3481 470 3552 Nec
484 3482 609 3564 loquax
623 3481 682 3551 illa
695 3482 862 3552 conticuit
876 3483 961 3566 avis,
976 3481 1054 3552 sed:

398 3596 573 3681 “Nescio''
588 3598 710 3682 inquit,
726 3596 904 3682 “Domina,
929 3606 1014 3684 puto
1029 3601 1187 3684 puellam,
1201 3601 1229 3672 si
1244 3623 1321 3686 pro·

315 3715 359 3785 be
372 3715 524 3798 memini,
539 3715 687 3797 Psyches
700 3715 835 3785 nomine
850 3715 984 3800 dicitur,
999 3717 1149 3788 efflictim
1163 3721 1320 3803 cupere.”

399 3833 498 3902 Tunc
511 3831 690 3914 indignata
703 3833 832 3916 Venus,
846 3835 1068 3906 exclamavit:

418 4035 476 4088 117.
493 4037 562 4088 Atro
574 4034 689 4101 signari,
703 4033 843 4088 lnfamari.

419 4119 477 4174 118.
495 4119 618 4181 Prorsus,
629 4118 752 4173 omnlno.

420 4205 477 4257 119.
495 4203 646 4260 laberbem.
659 4203 720 4257 sine
731 4201 824 4258 barba.
