3540 5156
662 980 766 1034 auos
787 981 833 1034 rr
854 981 990 1036 esrcuu
1261 973 1328 1041 209

325 1151 398 1222 Noc
412 1157 514 1234 putes
537 1149 637 1220 futile
663 1150 756 1220 istud
781 1151 1009 1234 polentarium
1035 1151 1200 1222 damnum
1229 1153 1324 1223 leve:

324 1269 432 1338 altera
445 1267 537 1337 enim
552 1266 695 1350 perdita,
708 1267 767 1337 lux
781 1267 855 1336 haec
865 1267 928 1337 tibi
938 1289 1077 1352 prorsus
1087 1268 1326 1352 denegabitur.

324 1383 426 1456 Canis
453 1405 602 1467 namque
632 1383 833 1467 pergrandis
857 1383 1035 1468 triiugo,¹⁵⁸
1060 1392 1096 1456 et
1116 1387 1199 1456 satis
1213 1387 1326 1470 amplo

324 1501 623 1585 capitepraeditus,
648 1500 806 1571 immanis
819 1509 856 1572 et
870 1502 1103 1586 formidabilis,
1125 1503 1328 1574 tonantibus

324 1619 497 1690 oblatrans
519 1619 690 1701 faucibus,
713 1626 876 1702 mortuos,
903 1619 1029 1702 quibus
1051 1620 1120 1690 iam
1145 1621 1229 1691 nihil
1245 1622 1325 1692 mali

322 1743 436 1822 potest
456 1737 581 1818 facere,
596 1737 727 1806 frustra
749 1736 946 1818 territando,
970 1744 1052 1807 ante
1075 1737 1187 1820 ipsum
1212 1739 1326 1822 limen,

322 1862 360 1924 et
371 1861 448 1924 atra
462 1853 551 1923 atria
564 1852 777 1936 Proserpinae
791 1873 925 1936 semper
939 1854 1121 1936 excubans,
1137 1863 1253 1924 servat
1266 1877 1325 1925 va-

322 1993 423 2042 cuam
437 1971 526 2040 Ditis
546 1970 697 2040 domum.
719 1968 821 2040 Hunc
846 1970 1055 2040 offrenatum
1080 1971 1183 2041 unius
1208 1971 1325 2041 offulae

322 2087 447 2172 praeda,
468 2087 569 2158 facile
589 2087 787 2170 praeteribis,
803 2086 847 2156 ad
861 2087 1038 2170 ipsamque
1063 2089 1221 2171 protinus
1245 2089 1325 2158 Pro

322 2205 493 2289 serpinam
508 2203 672 2287 introibis,
688 2226 766 2287 quae
781 2212 817 2273 te
832 2205 974 2274 comiter
989 2205 1144 2288 excipiet,
1167 2227 1207 2274 ac
1232 2205 1325 2274 beni·

322 2344 402 2406 gne,
418 2329 458 2392 ut
473 2329 509 2390 et
523 2321 668 2390 molliter
682 2320 839 2402 assidere,
855 2328 893 2389 et
907 2321 1090 2403 prandium
1100 2321 1239 2404 opipare
1250 2343 1326 2392 sua·

322 2440 402 2511 deat
417 2461 561 2509 sumere.
577 2437 642 2508 Sed
658 2445 698 2507 tu
714 2445 749 2508 et
764 2438 861 2507 humi
885 2438 1005 2520 reside,
1021 2445 1057 2508 et
1071 2460 1195 2521 panem
1219 2441 1322 2510 sordi·

321 2557 406 2628 dum
419 2556 568 2640 petitum
581 2556 724 2636 csto;¹⁵⁹
746 2554 869 2624 deinde
889 2555 1049 2625 nuntiato
1073 2555 1155 2638 quid
1178 2557 1325 2627 advene·

321 2674 377 2758 ris,
393 2680 620 2757 susceptoque
636 2671 728 2755 quod
743 2672 919 2754 offeretur,
935 2693 1055 2742 rursus
1080 2695 1245 2756 remeans,
1270 2696 1325 2743 ca·

320 2790 374 2861 nis
388 2790 554 2860 saevitiem
570 2789 677 2858 offula
691 2789 821 2871 reliqua
847 2789 991 2870 redime;
1012 2810 1051 2859 ac
1075 2789 1198 2860 deinde
1218 2811 1325 2860 avaro

321 2915 439 2977 nautae
450 2907 540 2988 data,
556 2927 660 2989 quam
670 2927 910 2976 reservaveras
921 2906 1017 2990 stipe,
1027 2906 1239 2991 transitoque
1251 2907 1325 2978 eius

321 3023 437 3106 fluvio,
452 3023 623 3092 recalcans
638 3023 751 3105 priora
774 3022 930 3105 vestigia,
945 3022 988 3092 ad
1004 3023 1108 3093 istum
1134 3025 1324 3095 coelestium

321 3140 472 3211 siderum
486 3138 647 3212 redics¹⁶⁰
662 3139 814 3209 chorum.
830 3138 897 3210 Sed
911 3138 1000 3208 inter
1026 3140 1140 3210 omnia
1161 3141 1241 3212 hinc
1267 3141 1324 3212 ob·

319 3255 528 3329 servandum
543 3255 712 3338 praecipue
728 3255 789 3325 tibi
804 3277 935 3337 censeo,
956 3277 1000 3326 ne
1015 3256 1101 3326 velis
1114 3258 1246 3341 aperire
1267 3259 1322 3329 vel

319 3373 485 3458 inspicere
499 3373 601 3456 illam,
617 3393 721 3455 quarn
735 3372 838 3454 feres,
853 3372 1024 3455 pyxidem,
1034 3373 1091 3442 vel
1102 3375 1240 3444 omnino
1254 3375 1323 3444 for-

319 3491 488 3562 mositatis
502 3489 629 3559 divinae
643 3488 799 3559 abditum
813 3511 913 3559 cures
926 3488 1161 3560 thesaurum.”

402 3607 456 3679 Sic
470 3607 577 3677 turris
591 3606 648 3676 illa
671 3606 818 3690 propitia
842 3605 1092 3677 vaticinationis
1118 3630 1245 3679 munus
1266 3631 1326 3680 ex·

318 3727 448 3815 plicuit

372 4010 379 4023 ·
420 3941 477 3995 158.
497 3939 649 4008 Μαρια,
665 3954 707 4004 -a,
723 3955 791 4002 om,
803 3941 857 3994 tria
869 3942 942 4008 iuga,
964 3941 1084 4008 triplum,
1106 3939 1214 4008 fficaps,
1234 3942 1319 3996 trium

320 4015 478 4129 ammi&
495 4075 590 4129 Altera
602 4076 692 4128 forma
702 4091 751 4142 pro
763 4071 851 4138 odiw,
865 4072 926 4138 ada,
941 4073 1065 4128 consede.

318 4208 377 4264 ms
420 4143 477 4196 160.
494 4142 611 4204 Redibis,
624 4141 741 4196 inflectit
761 4147 794 4195 ut
818 4139 934 4205 audies
961 4147 1083 4196 attamen
1108 4157 1151 4207 ao,
1177 4141 1224 4194 ira
1248 4143 1319 4198 facit
