3522 5156
646 1747 775 1818 PARS
794 1747 1004 1817 ALTERA.

407 1940 726 2114 ALADDIst
744 2051 875 2114 suaque
900 2051 999 2114 uxor,
1013 2029 1049 2099 in
1063 2028 1190 2113 palatio
1215 2029 1326 2112 splen·

324 2147 495 2220 didissimo
509 2149 700 2233 perplures
714 2169 821 2218 annos
843 2147 978 2219 felicem
1004 2147 1180 2218 duxerunt
1205 2147 1323 2216 vitam.

324 2265 461 2335 Interea
474 2265 511 2335 in
525 2265 645 2337 Africa
658 2287 782 2348 magus
795 2286 956 2348 nequam,
982 2264 1041 2349 qui
1055 2264 1187 2335 invitus
1207 2265 1325 2334 iuerat

323 2389 445 2452 auctor
470 2383 568 2452 bonae
592 2382 746 2452 fortunae
772 2381 941 2464 Aladdini‚
964 2388 1076 2451 artem
1101 2402 1200 2451 suam
1214 2401 1326 2465 usque

323 2498 513 2570 exercebat.
535 2499 665 2582 Utique
679 2499 751 2582 ipse
766 2497 984 2569 existimabat
999 2497 1208 2569 Aladdinum
1223 2498 1259 2568 in
1273 2519 1328 2568 ca·

323 2637 369 2686 vo
382 2615 590 2698 interivisse;
605 2615 719 2698 aliquo
734 2623 849 2684 tamen
865 2614 920 2684 die
934 2614 998 2685 sibi
1012 2614 1048 2684 in
1061 2621 1214 2685 mentem
1228 2615 1325 2685 venit

323 2731 501 2804 consilium
525 2733 600 2803 fata
628 2731 787 2802 Aladdini
809 2752 870 2815 pro
895 2738 989 2802 certo
1014 2731 1221 2814 explorandi.
1251 2731 1324 2802 Hoc

323 2850 440 2934 itaque
470 2849 642 2933 proposito
671 2849 836 2919 cistellam
862 2870 966 2932 quam
990 2848 1149 2931 habebat,
1174 2847 1327 2920 adhibita

322 2970 438 3050 arena,
465 2967 502 3036 in
530 2967 768 3051 horoscopium
794 2966 918 3037 effecit.
940 2967 1066 3050 Magno
1087 2973 1227 3050 stupore
1246 2967 1326 3038 inde

324 3085 453 3169 reperit
467 3083 676 3155 Aladdinum
690 3106 733 3154 ex
748 3105 834 3154 cavo
849 3083 1022 3167 effugisse,
1043 3090 1080 3154 et
1104 3105 1198 3154 nunc
1218 3085 1327 3155 vitam

325 3200 553 3286 magnificam,
566 3201 661 3272 omni
675 3201 804 3272 honore
819 3223 859 3272 ac
874 3200 1042 3284 dignitate
1056 3200 1254 3272 affluentem
1266 3202 1328 3273 du·

326 3341 413 3401 cere,
429 3340 579 3402 eumque
593 3318 737 3402 Regiam
753 3317 874 3388 Filiam
889 3317 1035 3388 duxisse.

409 3435 531 3507 “Illum
545 3436 654 3520 igitur
668 3435 777 3506 filium
792 3435 933 3505 sartoris
946 3456 1083 3506 necesse
1093 3442 1147 3506 est
1157 3443 1326 3507 secretum

325 3555 475 3624 lucernae
494 3553 696 3636 invenisse,”
722 3553 772 3622 ait
796 3573 913 3622 secum
940 3572 1073 3635 magus.
1102 3553 1225 3636 Itaque
1254 3553 1328 3625 sine

327 3693 424 3742 mora
434 3691 524 3754 equo
539 3670 739 3755 ephippium
753 3669 908 3753 imponit,
928 3669 1173 3753 proiectusque
1196 3676 1249 3740 est
1272 3691 1326 3740 ca-

325 3793 403 3873 pue
416 3787 539 3860 Serum
552 3808 685 3858 versus.

408 3905 459 3976 Eo
488 3925 597 3988 quum
617 3910 774 3986 venerat,
799 3903 992 3974 sciscitatus
1019 3909 1143 3973 cuncta
1175 3924 1255 3986 que
1283 3904 1326 3975 de

425 4091 451 4144 6.
469 4087 576 4157 Caput,
590 4087 665 4152 atto,
680 4103 718 4150 n„
730 4093 773 4142 est
786 4087 851 4142 urbs
867 4101 982 4149 summa,
999 4085 1084 4152 regia.
1108 4085 1175 4139 urbs
1200 4086 1331 4152 capitalia

324 4174 458 4241 cuiusque
468 4173 569 4240 gentis.
