3554 5156
753 960 944 1016 cremum
1285 947 1349 1016 135

348 1149 386 1198 sa
399 1127 707 1211 animadvertisset,
731 1127 880 1212 prodivit
903 1128 948 1198 ad
973 1135 1107 1212 portam
1131 1129 1245 1200 visum
1266 1127 1348 1213 quid

346 1245 412 1316 iilic
433 1253 622 1329 gereretur.
645 1247 761 1328 Quum
783 1245 1004 1316 intellexisset
1025 1266 1122 1315 suam
1145 1246 1292 1316 vicinam
1313 1245 1349 1315 in

349 1383 452 1434 causa
465 1383 548 1444 esse,
562 1361 624 1444 ira,
637 1362 815 1446 veterique
830 1383 894 1432 sua
907 1363 1081 1433 simultate
1096 1384 1268 1445 succensa,
1294 1384 1352 1434 cu·

349 1479 437 1562 pivit
451 1478 486 1547 in
502 1499 565 1548 suo
578 1478 690 1562 corde,
705 1480 840 1549 utinam
861 1479 1023 1550 Cerasula
1036 1477 1072 1548 in
1087 1479 1216 1549 ioedam
1230 1500 1351 1549 ranam

349 1603 619 1678 converteretur,
633 1602 736 1680 atque
750 1595 786 1666 in
800 1618 900 1680 aqua,
915 1597 1004 1667 circa
1027 1596 1132 1666 finem
1151 1597 1280 1678 mundi,
1303 1617 1354 1666 se·

351 1713 458 1784 deret.
473 1713 611 1783 Dictum
625 1719 731 1797 atque
745 1714 899 1784 iactum:
920 1713 1050 1784 misella
1075 1714 1236 1785 Cerasula
1249 1713 1286 1782 in
1300 1734 1354 1783 ra·

351 1853 431 1900 uam
445 1852 620 1914 conversa,
635 1852 654 1902 e
670 1839 853 1914 conspectu
876 1831 1113 1901 contuentium
1138 1831 1255 1901 statim
1276 1852 1354 1901 eva·

350 1951 438 2019 nuit
453 1948 568 2032 Regiis
582 1947 723 2032 proinde
737 1947 921 2019 iuvenibus
935 1948 1031 2019 nulla
1043 1970 1147 2018 causa
1172 1947 1353 2032 pugnandi

351 2073 443 2148 erat;
463 2065 581 2148 itaque
595 2065 769 2146 vaginatis
782 2065 930 2148 ensibus,
945 2071 987 2134 ut
1001 2065 1099 2134 decet
1121 2065 1259 2147 fratres,
1283 2085 1355 2134 ma·

351 2205 418 2253 nus
431 2183 522 2252 iuter
537 2205 573 2252 se
586 2182 817 2266 prebuerunt,
834 2182 1048 2266 patriamque
1069 2182 1207 2253 domum
1231 2203 1354 2253 versus

353 2299 589 2370 discesserunt.

435 2465 546 2537 Senex
559 2466 690 2536 interea
702 2487 762 2536 rex
776 2466 867 2536 vires
875 2465 941 2537 sibi
950 2467 986 2536 in
997 2467 1068 2537 dies
1078 2465 1189 2550 magis
1197 2465 1352 2548 deficere,

352 2605 456 2668 seque
470 2583 514 2652 ad
527 2583 718 2666 gerendum
733 2605 822 2652 onus
835 2583 1001 2666 regnandi
1016 2583 1226 2668 pedetentim
1239 2583 1354 2652 minus

352 2700 513 2771 idoneum
534 2699 609 2770 fien'
629 2700 788 2784 sentiens,
809 2723 956 2784 regnum
971 2701 1094 2772 dedere
1115 2700 1355 2781 meditabatur,

353 2818 413 2889 sed
427 2818 483 2888 cui
497 2817 647 2900 dederet,
657 2839 726 2887 nou
735 2817 818 2888 satis
831 2817 896 2888 sibi
910 2819 1098 2889 constabat.
1115 2817 1266 2902 Quaestio
1280 2816 1354 2886 haec

355 2942 440 3018 erat,
462 2956 566 3018 quam
579 2956 639 3005 cor
651 2942 833 3019 paternum
856 2935 1014 3006 dirimere
1035 2934 1216 3018 nequibat:
1238 2953 1357 3003 omnes

354 3053 446 3123 enim
460 3059 531 3122 tres
545 3051 632 3122 filios
646 3073 726 3122 suos
739 3073 840 3136 aequo
854 3073 970 3123 amore
983 3050 1262 3136 prosequebatur.

439 3237 533 3307 “Filii
548 3237 616 3307 mei
632 3236 777 3320 dilecti,’'
793 3237 840 3307 sic
855 3259 914 3307 eos
928 3237 1100 3320 quondam
1113 3237 1254 3317 affatur,
1266 3232 1355 3304 “iam

354 3376 419 3438 ego
434 3353 606 3436 consenui,
621 3353 780 3437 viresque
795 3354 862 3423 mei
876 3354 1002 3423 sensim
1022 3352 1219 3434 hebescunt,
1245 3351 1295 3422 ita
1315 3357 1356 3421 ut

353 3471 437 3541 mihi
452 3471 487 3540 in
509 3471 623 3540 animo
646 3471 691 3540 sit
716 3471 846 3554 regiam
871 3470 1075 3554 dignitatem
1103 3469 1290 3553 deponere;
1319 3467 1355 3536 in

355 3589 469 3658 auimo
489 3595 605 3656 tamen
620 3609 696 3656 meo
709 3587 804 3656 nullo
827 3593 927 3670 pacto
950 3587 1107 3657 dirimere
1132 3606 1229 3669 queo,
1251 3604 1355 3669 quem

355 3727 398 3775 ex
413 3704 510 3775 vobis
524 3704 617 3786 mihi,
632 3711 672 3775 ut
688 3703 865 3787 potiorem,
880 3703 1053 3774 haeredem
1068 3709 1228 3784 statuam;
1240 3723 1356 3785 quem-

355 3843 423 3906 que
438 3821 530 3891 enim
544 3827 700 3891 vestrum
714 3842 816 3903 aequo
840 3842 956 3890 amore
982 3827 1125 3905 patemo
1150 3839 1356 3903 prosequor;

356 3959 406 4022 ae,
421 3946 597 4022 praeterea,
613 3937 717 4006 etiam
731 3959 899 4020 perquam
923 3937 1021 4021 cupio
1043 3943 1085 4007 ut
1105 3935 1250 4006 subditis
1270 3934 1355 4004 meis

355 4077 474 4139 regem
498 4076 541 4124 ex
569 4053 667 4124 vobis
688 4054 835 4124 maxime
858 4054 1029 4137 idoneum,
1053 4053 1281 4134 scitissimum,
1306 4073 1358 4121 sa-

355 4171 672 4258 pientissimumque
685 4171 1064 4242 constituam.0bhanc
1077 4171 1195 4255 itaque
1208 4191 1357 4252 causam,
