<?xml version="1.0" encoding="UTF-8"?>
<!DOCTYPE html PUBLIC "-//W3C//DTD XHTML 1.0 Transitional//EN"
    "http://www.w3.org/TR/xhtml1/DTD/xhtml1-transitional.dtd">
<html xmlns="http://www.w3.org/1999/xhtml" xml:lang="en" lang="en">
 <head>
  <title>
</title>
<meta http-equiv="Content-Type" content="text/html;charset=utf-8" />
  <meta name='ocr-system' content='tesseract 3.04.00' />
  <meta name='ocr-capabilities' content='ocr_page ocr_carea ocr_par ocr_line ocrx_word'/>
</head>
<body>
  <div class='ocr_page' id='page_1' title='image "./fabuldivalesexn00apulgoog_0161.png"; bbox 0 0 3540 5156; ppageno 0'>
   <div class='ocr_carea' id='block_1_1' title="bbox 392 961 1001 1033">
    <p class='ocr_par' dir='ltr' id='par_1_1' title="bbox 392 961 1001 1033">
     <span class='ocr_line' id='line_1_1' title="bbox 392 961 1001 1033; baseline -0.002 0"><span class='ocrx_word' id='word_1_1' title='bbox 392 961 457 1033; x_wconf 85' lang='lat'><strong>150</strong></span> <span class='ocrx_word' id='word_1_2' title='bbox 791 977 1001 1033; x_wconf 76' lang='lat' dir='ltr'><strong>raonoorvn</strong></span> 
     </span>
    </p>
   </div>
   <div class='ocr_carea' id='block_1_2' title="bbox 390 1146 1435 1932">
    <p class='ocr_par' dir='ltr' id='par_1_2' title="bbox 390 1146 1435 1932">
     <span class='ocr_line' id='line_1_2' title="bbox 391 1146 1401 1230; baseline -0.003 -12"><span class='ocrx_word' id='word_1_3' title='bbox 391 1153 590 1230; x_wconf 85' lang='lat' dir='ltr'><strong>nascuntur,</strong></span> <span class='ocrx_word' id='word_1_4' title='bbox 605 1168 675 1216; x_wconf 92' lang='lat' dir='ltr'><strong>uno</strong></span> <span class='ocrx_word' id='word_1_5' title='bbox 690 1167 765 1217; x_wconf 84' lang='lat' dir='ltr'><strong>aevo</strong></span> <span class='ocrx_word' id='word_1_6' title='bbox 779 1147 925 1217; x_wconf 88' lang='lat' dir='ltr'><strong>verbum</strong></span> <span class='ocrx_word' id='word_1_7' title='bbox 947 1146 1122 1230; x_wconf 84' lang='lat' dir='ltr'><strong>quoddam</strong></span> <span class='ocrx_word' id='word_1_8' title='bbox 1144 1168 1254 1218; x_wconf 92' lang='lat' dir='ltr'><strong>unum</strong></span> <span class='ocrx_word' id='word_1_9' title='bbox 1276 1169 1401 1218; x_wconf 88' lang='lat' dir='ltr'><strong>casum.</strong></span> 
     </span>
     <span class='ocr_line' id='line_1_3' title="bbox 391 1263 1399 1348; baseline -0.002 -13"><span class='ocrx_word' id='word_1_10' title='bbox 391 1265 481 1348; x_wconf 83' lang='lat' dir='ltr'><strong>regit</strong></span> <span class='ocrx_word' id='word_1_11' title='bbox 495 1263 561 1334; x_wconf 93' lang='lat' dir='ltr'><strong>alio</strong></span> <span class='ocrx_word' id='word_1_12' title='bbox 576 1285 651 1334; x_wconf 87' lang='lat' dir='ltr'><strong>aevo</strong></span> <span class='ocrx_word' id='word_1_13' title='bbox 665 1264 780 1346; x_wconf 89' lang='lat' dir='ltr'><strong>alium,</strong></span> <span class='ocrx_word' id='word_1_14' title='bbox 796 1263 914 1334; x_wconf 90' lang='lat' dir='ltr'><strong>eodem</strong></span> <span class='ocrx_word' id='word_1_15' title='bbox 928 1263 1013 1346; x_wconf 89' lang='lat' dir='ltr'><strong>iure,</strong></span> <span class='ocrx_word' id='word_1_16' title='bbox 1027 1285 1091 1334; x_wconf 89' lang='lat' dir='ltr'><strong>nec</strong></span> <span class='ocrx_word' id='word_1_17' title='bbox 1104 1263 1180 1334; x_wconf 88' lang='lat' dir='ltr'><strong>ideo</strong></span> <span class='ocrx_word' id='word_1_18' title='bbox 1189 1264 1309 1348; x_wconf 82' lang='lat' dir='ltr'><strong>lingua</strong></span> <span class='ocrx_word' id='word_1_19' title='bbox 1323 1264 1399 1348; x_wconf 87' lang='lat' dir='ltr'><strong>ipsa</strong></span> 
     </span>
     <span class='ocr_line' id='line_1_4' title="bbox 391 1377 1435 1465; baseline 0 -14"><span class='ocrx_word' id='word_1_20' title='bbox 391 1389 563 1463; x_wconf 80' lang='lat' dir='ltr'><strong>mutatur,</strong></span> <span class='ocrx_word' id='word_1_21' title='bbox 597 1381 751 1451; x_wconf 92' lang='lat' dir='ltr'><strong>homines</strong></span> <span class='ocrx_word' id='word_1_22' title='bbox 779 1387 969 1463; x_wconf 87' lang='lat' dir='ltr'><strong>mutantur,</strong></span> <span class='ocrx_word' id='word_1_23' title='bbox 995 1380 1207 1451; x_wconf 88' lang='lat' dir='ltr'><strong>consuetudo</strong></span> <span class='ocrx_word' id='word_1_24' title='bbox 1228 1388 1404 1465; x_wconf 80' lang='lat' dir='ltr'><strong>mutatur,</strong></span> <span class='ocrx_word' id='word_1_25' title='bbox 1433 1377 1435 1382; x_wconf 72' lang='grc'><strong>’</strong></span> 
     </span>
     <span class='ocr_line' id='line_1_5' title="bbox 390 1497 1393 1582; baseline 0 -13"><span class='ocrx_word' id='word_1_26' title='bbox 390 1519 454 1569; x_wconf 87' lang='lat' dir='ltr'><strong>nec</strong></span> <span class='ocrx_word' id='word_1_27' title='bbox 468 1498 544 1568; x_wconf 91' lang='lat' dir='ltr'><strong>ideo</strong></span> <span class='ocrx_word' id='word_1_28' title='bbox 560 1498 634 1582; x_wconf 92' lang='lat' dir='ltr'><strong>ipsa</strong></span> <span class='ocrx_word' id='word_1_29' title='bbox 647 1499 766 1582; x_wconf 82' lang='lat' dir='ltr'><strong>lingua</strong></span> <span class='ocrx_word' id='word_1_30' title='bbox 787 1499 944 1568; x_wconf 80' lang='lat' dir='ltr'><strong>deterior</strong></span> <span class='ocrx_word' id='word_1_31' title='bbox 965 1497 1015 1567; x_wconf 84' lang='lat' dir='ltr'><strong>fit</strong></span> <span class='ocrx_word' id='word_1_32' title='bbox 1038 1498 1122 1582; x_wconf 88' lang='lat' dir='ltr'><strong>Quis</strong></span> <span class='ocrx_word' id='word_1_33' title='bbox 1147 1498 1231 1568; x_wconf 93' lang='lat' dir='ltr'><strong>mihi</strong></span> <span class='ocrx_word' id='word_1_34' title='bbox 1255 1520 1393 1582; x_wconf 87' lang='lat' dir='ltr'><strong>persua·</strong></span> 
     </span>
     <span class='ocr_line' id='line_1_6' title="bbox 391 1613 1403 1698; baseline 0 -14"><span class='ocrx_word' id='word_1_35' title='bbox 391 1615 474 1685; x_wconf 90' lang='lat' dir='ltr'><strong>serit</strong></span> <span class='ocrx_word' id='word_1_36' title='bbox 487 1617 681 1686; x_wconf 67' lang='lat' dir='ltr'><strong>omiaimilo</strong></span> <span class='ocrx_word' id='word_1_37' title='bbox 694 1615 831 1697; x_wconf 88' lang='lat' dir='ltr'><strong>rectius,</strong></span> <span class='ocrx_word' id='word_1_38' title='bbox 844 1615 956 1697; x_wconf 80' lang='lat' dir='ltr'><strong>magis</strong></span> <span class='ocrx_word' id='word_1_39' title='bbox 980 1613 1210 1698; x_wconf 73' lang='lat' dir='ltr'><strong>“classicum&#39;’</strong></span> <span class='ocrx_word' id='word_1_40' title='bbox 1241 1613 1403 1698; x_wconf 82' lang='lat' dir='ltr'><strong>“elegan-</strong></span> 
     </span>
     <span class='ocr_line' id='line_1_7' title="bbox 391 1730 1397 1816; baseline 0 -14"><span class='ocrx_word' id='word_1_41' title='bbox 391 1732 480 1802; x_wconf 89' lang='lat' dir='ltr'><strong>tius&#39;’</strong></span> <span class='ocrx_word' id='word_1_42' title='bbox 512 1753 585 1802; x_wconf 89' lang='lat' dir='ltr'><strong>esse</strong></span> <span class='ocrx_word' id='word_1_43' title='bbox 613 1753 718 1816; x_wconf 85' lang='lat' dir='ltr'><strong>quam</strong></span> <span class='ocrx_word' id='word_1_44' title='bbox 742 1733 958 1802; x_wconf 69' lang='lat' dir='ltr'><strong>cumsimilo?</strong></span> <span class='ocrx_word' id='word_1_45' title='bbox 978 1732 1162 1814; x_wconf 83' lang='lat' dir='ltr'><strong>Caeterum,</strong></span> <span class='ocrx_word' id='word_1_46' title='bbox 1185 1731 1213 1802; x_wconf 91' lang='lat' dir='ltr'><strong>si</strong></span> <span class='ocrx_word' id='word_1_47' title='bbox 1235 1730 1397 1802; x_wconf 85' lang='lat' dir='ltr'><strong>“classica</strong></span> 
     </span>
     <span class='ocr_line' id='line_1_8' title="bbox 391 1847 1403 1932; baseline 0.001 -14"><span class='ocrx_word' id='word_1_48' title='bbox 391 1849 581 1931; x_wconf 57' lang='lat' dir='ltr'><strong>elegantia</strong></span> <span class='ocrx_word' id='word_1_49' title='bbox 606 1849 660 1919; x_wconf 91' lang='lat' dir='ltr'><strong>vel</strong></span> <span class='ocrx_word' id='word_1_50' title='bbox 684 1849 831 1918; x_wconf 82' lang='lat' dir='ltr'><strong>maxime</strong></span> <span class='ocrx_word' id='word_1_51' title='bbox 857 1847 988 1918; x_wconf 87' lang='lat' dir='ltr'><strong>definiri</strong></span> <span class='ocrx_word' id='word_1_52' title='bbox 1010 1855 1135 1931; x_wconf 89' lang='lat' dir='ltr'><strong>posset,</strong></span> <span class='ocrx_word' id='word_1_53' title='bbox 1157 1848 1239 1932; x_wconf 84' lang='lat' dir='ltr'><strong>quid</strong></span> <span class='ocrx_word' id='word_1_54' title='bbox 1260 1848 1403 1932; x_wconf 90' lang='lat' dir='ltr'><strong>prodes·</strong></span> 
     </span>
    </p>
   </div>
   <div class='ocr_carea' id='block_1_3' title="bbox 388 1965 1403 4270">
    <p class='ocr_par' dir='ltr' id='par_1_3' title="bbox 389 1965 1403 3091">
     <span class='ocr_line' id='line_1_9' title="bbox 393 1965 1399 2050; baseline 0.001 -15"><span class='ocrx_word' id='word_1_55' title='bbox 393 1968 467 2036; x_wconf 78' lang='lat' dir='ltr'><strong>set?</strong></span> <span class='ocrx_word' id='word_1_56' title='bbox 488 1965 567 2036; x_wconf 93' lang='lat' dir='ltr'><strong>Non</strong></span> <span class='ocrx_word' id='word_1_57' title='bbox 589 1966 690 2036; x_wconf 92' lang='lat' dir='ltr'><strong>modo</strong></span> <span class='ocrx_word' id='word_1_58' title='bbox 710 1965 805 2048; x_wconf 90' lang='lat' dir='ltr'><strong>nihil,</strong></span> <span class='ocrx_word' id='word_1_59' title='bbox 827 1965 887 2034; x_wconf 93' lang='lat' dir='ltr'><strong>sed</strong></span> <span class='ocrx_word' id='word_1_60' title='bbox 908 1987 1044 2035; x_wconf 89' lang='lat' dir='ltr'><strong>omnem</strong></span> <span class='ocrx_word' id='word_1_61' title='bbox 1067 1966 1290 2036; x_wconf 82' lang='lat' dir='ltr'><strong>Latinitatem</strong></span> <span class='ocrx_word' id='word_1_62' title='bbox 1304 1989 1399 2050; x_wconf 91' lang='lat' dir='ltr'><strong>pror-</strong></span> 
     </span>
     <span class='ocr_line' id='line_1_10' title="bbox 391 2081 1397 2165; baseline 0 -13"><span class='ocrx_word' id='word_1_63' title='bbox 391 2103 451 2152; x_wconf 92' lang='lat' dir='ltr'><strong>sus</strong></span> <span class='ocrx_word' id='word_1_64' title='bbox 472 2082 628 2153; x_wconf 87' lang='lat' dir='ltr'><strong>inutilem</strong></span> <span class='ocrx_word' id='word_1_65' title='bbox 649 2082 817 2163; x_wconf 89' lang='lat' dir='ltr'><strong>redderet,</strong></span> <span class='ocrx_word' id='word_1_66' title='bbox 833 2081 959 2165; x_wconf 84' lang='lat' dir='ltr'><strong>quippe</strong></span> <span class='ocrx_word' id='word_1_67' title='bbox 975 2100 1043 2165; x_wconf 88' lang='lat' dir='ltr'><strong>qua</strong></span> <span class='ocrx_word' id='word_1_68' title='bbox 1057 2087 1121 2152; x_wconf 82' lang='lat' dir='ltr'><strong>nec</strong></span> <span class='ocrx_word' id='word_1_69' title='bbox 1135 2083 1254 2153; x_wconf 90' lang='lat' dir='ltr'><strong>Celsus</strong></span> <span class='ocrx_word' id='word_1_70' title='bbox 1267 2083 1311 2152; x_wconf 90' lang='lat' dir='ltr'><strong>de</strong></span> <span class='ocrx_word' id='word_1_71' title='bbox 1325 2083 1397 2153; x_wconf 88' lang='lat' dir='ltr'><strong>Me·</strong></span> 
     </span>
     <span class='ocr_line' id='line_1_11' title="bbox 390 2199 1403 2283; baseline 0.001 -14"><span class='ocrx_word' id='word_1_72' title='bbox 390 2199 510 2282; x_wconf 88' lang='lat' dir='ltr'><strong>dicina,</strong></span> <span class='ocrx_word' id='word_1_73' title='bbox 540 2221 604 2270; x_wconf 89' lang='lat' dir='ltr'><strong>nec</strong></span> <span class='ocrx_word' id='word_1_74' title='bbox 636 2199 801 2283; x_wconf 76' lang='lat' dir='ltr'><strong>vegetius</strong></span> <span class='ocrx_word' id='word_1_75' title='bbox 822 2200 864 2269; x_wconf 92' lang='lat' dir='ltr'><strong>de</strong></span> <span class='ocrx_word' id='word_1_76' title='bbox 884 2200 971 2270; x_wconf 87' lang='lat' dir='ltr'><strong>Arte</strong></span> <span class='ocrx_word' id='word_1_77' title='bbox 992 2199 1141 2283; x_wconf 86' lang='lat' dir='ltr'><strong>Militari,</strong></span> <span class='ocrx_word' id='word_1_78' title='bbox 1170 2221 1234 2270; x_wconf 92' lang='lat' dir='ltr'><strong>nec</strong></span> <span class='ocrx_word' id='word_1_79' title='bbox 1265 2200 1403 2271; x_wconf 84' lang='lat' dir='ltr'><strong>Plinius</strong></span> 
     </span>
     <span class='ocr_line' id='line_1_12' title="bbox 391 2315 1397 2399; baseline 0.002 -13"><span class='ocrx_word' id='word_1_80' title='bbox 391 2316 433 2386; x_wconf 94' lang='lat' dir='ltr'><strong>de</strong></span> <span class='ocrx_word' id='word_1_81' title='bbox 454 2315 605 2386; x_wconf 86' lang='lat' dir='ltr'><strong>Historia</strong></span> <span class='ocrx_word' id='word_1_82' title='bbox 631 2315 799 2399; x_wconf 85' lang='lat' dir='ltr'><strong>Naturali,</strong></span> <span class='ocrx_word' id='word_1_83' title='bbox 821 2338 885 2387; x_wconf 89' lang='lat' dir='ltr'><strong>nec</strong></span> <span class='ocrx_word' id='word_1_84' title='bbox 916 2317 1096 2387; x_wconf 84' lang='lat' dir='ltr'><strong>Vitruvius</strong></span> <span class='ocrx_word' id='word_1_85' title='bbox 1116 2317 1159 2387; x_wconf 92' lang='lat' dir='ltr'><strong>de</strong></span> <span class='ocrx_word' id='word_1_86' title='bbox 1180 2315 1397 2388; x_wconf 86' lang='lat' dir='ltr'><strong>Architectu-</strong></span> 
     </span>
     <span class='ocr_line' id='line_1_13' title="bbox 389 2413 1391 2516; baseline 0.001 -13"><span class='ocrx_word' id='word_1_87' title='bbox 389 2454 438 2516; x_wconf 86' lang='lat' dir='ltr'><strong>ra,</strong></span> <span class='ocrx_word' id='word_1_88' title='bbox 459 2453 523 2503; x_wconf 91' lang='lat' dir='ltr'><strong>nec</strong></span> <span class='ocrx_word' id='word_1_89' title='bbox 543 2413 725 2516; x_wconf 70' lang='lat' dir='ltr'><strong>quisquam</strong></span> <span class='ocrx_word' id='word_1_90' title='bbox 746 2434 790 2503; x_wconf 93' lang='lat' dir='ltr'><strong>de</strong></span> <span class='ocrx_word' id='word_1_91' title='bbox 811 2433 881 2503; x_wconf 91' lang='lat' dir='ltr'><strong>ulla</strong></span> <span class='ocrx_word' id='word_1_92' title='bbox 903 2455 940 2503; x_wconf 87' lang='lat' dir='ltr'><strong>re</strong></span> <span class='ocrx_word' id='word_1_93' title='bbox 961 2455 1117 2503; x_wconf 88' lang='lat' dir='ltr'><strong>sermone</strong></span> <span class='ocrx_word' id='word_1_94' title='bbox 1138 2434 1215 2516; x_wconf 89' lang='lat' dir='ltr'><strong>oris,</strong></span> <span class='ocrx_word' id='word_1_95' title='bbox 1237 2440 1300 2503; x_wconf 89' lang='lat' dir='ltr'><strong>aut</strong></span> <span class='ocrx_word' id='word_1_96' title='bbox 1313 2456 1391 2504; x_wconf 86' lang='lat' dir='ltr'><strong>ver-</strong></span> 
     </span>
     <span class='ocr_line' id='line_1_14' title="bbox 390 2550 1401 2634; baseline -0.002 -12"><span class='ocrx_word' id='word_1_97' title='bbox 390 2550 434 2622; x_wconf 94' lang='lat' dir='ltr'><strong>bo</strong></span> <span class='ocrx_word' id='word_1_98' title='bbox 464 2551 590 2634; x_wconf 92' lang='lat' dir='ltr'><strong>scripto</strong></span> <span class='ocrx_word' id='word_1_99' title='bbox 618 2551 783 2621; x_wconf 87' lang='lat' dir='ltr'><strong>disserere</strong></span> <span class='ocrx_word' id='word_1_100' title='bbox 814 2558 939 2634; x_wconf 87' lang='lat' dir='ltr'><strong>posset,</strong></span> <span class='ocrx_word' id='word_1_101' title='bbox 970 2551 1029 2620; x_wconf 89' lang='lat' dir='ltr'><strong>sed</strong></span> <span class='ocrx_word' id='word_1_102' title='bbox 1059 2551 1178 2620; x_wconf 91' lang='lat' dir='ltr'><strong>eadem</strong></span> <span class='ocrx_word' id='word_1_103' title='bbox 1211 2551 1293 2634; x_wconf 89' lang='lat' dir='ltr'><strong>ipsa,</strong></span> <span class='ocrx_word' id='word_1_104' title='bbox 1316 2571 1401 2633; x_wconf 80' lang='lat' dir='ltr'><strong>quae</strong></span> 
     </span>
     <span class='ocr_line' id='line_1_15' title="bbox 390 2667 1401 2751; baseline 0 -13"><span class='ocrx_word' id='word_1_105' title='bbox 390 2676 548 2738; x_wconf 88' lang='lat' dir='ltr'><strong>auctores</strong></span> <span class='ocrx_word' id='word_1_106' title='bbox 576 2667 623 2736; x_wconf 94' lang='lat' dir='ltr'><strong>illi</strong></span> <span class='ocrx_word' id='word_1_107' title='bbox 655 2668 870 2750; x_wconf 87' lang='lat' dir='ltr'><strong>scripserant,</strong></span> <span class='ocrx_word' id='word_1_108' title='bbox 891 2668 927 2737; x_wconf 92' lang='lat' dir='ltr'><strong>in</strong></span> <span class='ocrx_word' id='word_1_109' title='bbox 952 2690 1053 2737; x_wconf 92' lang='lat' dir='ltr'><strong>omne</strong></span> <span class='ocrx_word' id='word_1_110' title='bbox 1074 2689 1189 2738; x_wconf 80' lang='lat' dir='ltr'><strong>aevum</strong></span> <span class='ocrx_word' id='word_1_111' title='bbox 1211 2668 1320 2751; x_wconf 91' lang='lat' dir='ltr'><strong>repeti</strong></span> <span class='ocrx_word' id='word_1_112' title='bbox 1341 2668 1401 2738; x_wconf 92' lang='lat' dir='ltr'><strong>iis·</strong></span> 
     </span>
     <span class='ocr_line' id='line_1_16' title="bbox 392 2783 1401 2867; baseline 0 -13"><span class='ocrx_word' id='word_1_113' title='bbox 392 2805 460 2867; x_wconf 84' lang='lat' dir='ltr'><strong>que</strong></span> <span class='ocrx_word' id='word_1_114' title='bbox 484 2783 716 2854; x_wconf 90' lang='lat' dir='ltr'><strong>studiosorum</strong></span> <span class='ocrx_word' id='word_1_115' title='bbox 741 2785 857 2854; x_wconf 91' lang='lat' dir='ltr'><strong>oculos</strong></span> <span class='ocrx_word' id='word_1_116' title='bbox 886 2784 1061 2854; x_wconf 87' lang='lat' dir='ltr'><strong>obcoecare</strong></span> <span class='ocrx_word' id='word_1_117' title='bbox 1091 2784 1266 2867; x_wconf 89' lang='lat' dir='ltr'><strong>deberent,</strong></span> <span class='ocrx_word' id='word_1_118' title='bbox 1288 2784 1401 2854; x_wconf 87' lang='lat' dir='ltr'><strong>donec</strong></span> 
     </span>
     <span class='ocr_line' id='line_1_17' title="bbox 390 2900 1394 2985; baseline -0.001 -12"><span class='ocrx_word' id='word_1_119' title='bbox 390 2903 483 2973; x_wconf 87' lang='lat' dir='ltr'><strong>cives</strong></span> <span class='ocrx_word' id='word_1_120' title='bbox 497 2922 671 2985; x_wconf 75' lang='lat' dir='ltr'><strong>nugarum</strong></span> <span class='ocrx_word' id='word_1_121' title='bbox 686 2900 833 2984; x_wconf 79' lang='lat' dir='ltr'><strong>pertaesi,</strong></span> <span class='ocrx_word' id='word_1_122' title='bbox 849 2901 1002 2972; x_wconf 90' lang='lat' dir='ltr'><strong>studium</strong></span> <span class='ocrx_word' id='word_1_123' title='bbox 1021 2901 1149 2984; x_wconf 79' lang='lat' dir='ltr'><strong>linguae</strong></span> <span class='ocrx_word' id='word_1_124' title='bbox 1164 2901 1297 2972; x_wconf 87' lang='lat' dir='ltr'><strong>Latinae</strong></span> <span class='ocrx_word' id='word_1_125' title='bbox 1311 2923 1331 2972; x_wconf 93' lang='lat' dir='ltr'><strong>e</strong></span> <span class='ocrx_word' id='word_1_126' title='bbox 1345 2902 1394 2972; x_wconf 92' lang='lat' dir='ltr'><strong>lu·</strong></span> 
     </span>
     <span class='ocr_line' id='line_1_18' title="bbox 392 3021 666 3091; baseline -0.018 1"><span class='ocrx_word' id='word_1_127' title='bbox 392 3021 444 3091; x_wconf 91' lang='lat' dir='ltr'><strong>dis</strong></span> <span class='ocrx_word' id='word_1_128' title='bbox 459 3025 666 3089; x_wconf 77' lang='lat' dir='ltr'><strong>everterent.</strong></span> 
     </span>
    </p>

    <p class='ocr_par' dir='ltr' id='par_1_4' title="bbox 388 3133 1402 4270">
     <span class='ocr_line' id='line_1_19' title="bbox 474 3133 1402 3218; baseline -0.002 -12"><span class='ocrx_word' id='word_1_129' title='bbox 474 3137 602 3206; x_wconf 89' lang='lat' dir='ltr'><strong>Nostra</strong></span> <span class='ocrx_word' id='word_1_130' title='bbox 616 3134 730 3205; x_wconf 88' lang='lat' dir='ltr'><strong>studia</strong></span> <span class='ocrx_word' id='word_1_131' title='bbox 744 3134 797 3204; x_wconf 89' lang='lat' dir='ltr'><strong>his</strong></span> <span class='ocrx_word' id='word_1_132' title='bbox 811 3133 969 3204; x_wconf 91' lang='lat' dir='ltr'><strong>omnibus</strong></span> <span class='ocrx_word' id='word_1_133' title='bbox 984 3135 1155 3204; x_wconf 88' lang='lat' dir='ltr'><strong>contraria</strong></span> <span class='ocrx_word' id='word_1_134' title='bbox 1165 3141 1257 3217; x_wconf 86' lang='lat' dir='ltr'><strong>sunt,</strong></span> <span class='ocrx_word' id='word_1_135' title='bbox 1272 3157 1402 3218; x_wconf 84' lang='lat' dir='ltr'><strong>nempe</strong></span> 
     </span>
     <span class='ocr_line' id='line_1_20' title="bbox 390 3250 1402 3335; baseline -0.005 -10"><span class='ocrx_word' id='word_1_136' title='bbox 390 3255 549 3325; x_wconf 87' lang='lat' dir='ltr'><strong>Latinam</strong></span> <span class='ocrx_word' id='word_1_137' title='bbox 563 3253 716 3335; x_wconf 83' lang='lat' dir='ltr'><strong>linguam</strong></span> <span class='ocrx_word' id='word_1_138' title='bbox 730 3273 946 3335; x_wconf 88' lang='lat' dir='ltr'><strong>conservare,</strong></span> <span class='ocrx_word' id='word_1_139' title='bbox 961 3251 1079 3335; x_wconf 86' lang='lat' dir='ltr'><strong>priscis</strong></span> <span class='ocrx_word' id='word_1_140' title='bbox 1099 3257 1205 3334; x_wconf 87' lang='lat' dir='ltr'><strong>atque</strong></span> <span class='ocrx_word' id='word_1_141' title='bbox 1226 3250 1402 3321; x_wconf 87' lang='lat' dir='ltr'><strong>historicis</strong></span> 
     </span>
     <span class='ocr_line' id='line_1_21' title="bbox 388 3367 1401 3452; baseline -0.005 -10"><span class='ocrx_word' id='word_1_142' title='bbox 388 3371 519 3442; x_wconf 91' lang='lat' dir='ltr'><strong>iuribus</strong></span> <span class='ocrx_word' id='word_1_143' title='bbox 547 3370 738 3450; x_wconf 87' lang='lat' dir='ltr'><strong>restituere,</strong></span> <span class='ocrx_word' id='word_1_144' title='bbox 768 3368 1048 3452; x_wconf 82' lang='lat' dir='ltr'><strong>orthographiam</strong></span> <span class='ocrx_word' id='word_1_145' title='bbox 1072 3368 1200 3438; x_wconf 87' lang='lat' dir='ltr'><strong>avitam</strong></span> <span class='ocrx_word' id='word_1_146' title='bbox 1228 3389 1267 3438; x_wconf 89' lang='lat' dir='ltr'><strong>ac</strong></span> <span class='ocrx_word' id='word_1_147' title='bbox 1292 3367 1401 3438; x_wconf 89' lang='lat' dir='ltr'><strong>tradi-</strong></span> 
     </span>
     <span class='ocr_line' id='line_1_22' title="bbox 388 3485 1398 3570; baseline -0.006 -10"><span class='ocrx_word' id='word_1_148' title='bbox 388 3497 462 3560; x_wconf 87' lang='lat' dir='ltr'><strong>tam</strong></span> <span class='ocrx_word' id='word_1_149' title='bbox 490 3509 511 3558; x_wconf 92' lang='lat' dir='ltr'><strong>a</strong></span> <span class='ocrx_word' id='word_1_150' title='bbox 539 3486 712 3570; x_wconf 82' lang='lat' dir='ltr'><strong>figmentis</strong></span> <span class='ocrx_word' id='word_1_151' title='bbox 733 3485 951 3556; x_wconf 89' lang='lat' dir='ltr'><strong>helleborosis</strong></span> <span class='ocrx_word' id='word_1_152' title='bbox 979 3485 1163 3568; x_wconf 86' lang='lat' dir='ltr'><strong>vindicare,</strong></span> <span class='ocrx_word' id='word_1_153' title='bbox 1195 3493 1300 3568; x_wconf 88' lang='lat' dir='ltr'><strong>atque</strong></span> <span class='ocrx_word' id='word_1_154' title='bbox 1333 3505 1398 3568; x_wconf 90' lang='lat' dir='ltr'><strong>per</strong></span> 
     </span>
     <span class='ocr_line' id='line_1_23' title="bbox 389 3601 1395 3690; baseline -0.006 -14"><span class='ocrx_word' id='word_1_155' title='bbox 389 3605 553 3690; x_wconf 88' lang='lat' dir='ltr'><strong>praeclara</strong></span> <span class='ocrx_word' id='word_1_156' title='bbox 567 3603 722 3686; x_wconf 87' lang='lat' dir='ltr'><strong>exempla</strong></span> <span class='ocrx_word' id='word_1_157' title='bbox 743 3604 902 3686; x_wconf 73' lang='lat' dir='ltr'><strong>Arvnan,</strong></span> <span class='ocrx_word' id='word_1_158' title='bbox 924 3602 1007 3685; x_wconf 89' lang='lat' dir='ltr'><strong>quid</strong></span> <span class='ocrx_word' id='word_1_159' title='bbox 1028 3603 1147 3686; x_wconf 83' lang='lat' dir='ltr'><strong>lingua</strong></span> <span class='ocrx_word' id='word_1_160' title='bbox 1162 3602 1286 3672; x_wconf 90' lang='lat' dir='ltr'><strong>Latina</strong></span> <span class='ocrx_word' id='word_1_161' title='bbox 1299 3601 1395 3671; x_wconf 82' lang='lat' dir='ltr'><strong>flexi·</strong></span> 
     </span>
     <span class='ocr_line' id='line_1_24' title="bbox 390 3719 1401 3804; baseline -0.004 -12"><span class='ocrx_word' id='word_1_162' title='bbox 390 3723 520 3792; x_wconf 88' lang='lat' dir='ltr'><strong>bilitate</strong></span> <span class='ocrx_word' id='word_1_163' title='bbox 545 3727 581 3792; x_wconf 90' lang='lat' dir='ltr'><strong>et</strong></span> <span class='ocrx_word' id='word_1_164' title='bbox 610 3720 802 3804; x_wconf 84' lang='lat' dir='ltr'><strong>aptitudine</strong></span> <span class='ocrx_word' id='word_1_165' title='bbox 823 3719 858 3789; x_wconf 92' lang='lat' dir='ltr'><strong>in</strong></span> <span class='ocrx_word' id='word_1_166' title='bbox 881 3741 999 3790; x_wconf 86' lang='lat' dir='ltr'><strong>omnes</strong></span> <span class='ocrx_word' id='word_1_167' title='bbox 1019 3741 1104 3790; x_wconf 88' lang='lat' dir='ltr'><strong>usus</strong></span> <span class='ocrx_word' id='word_1_168' title='bbox 1124 3719 1241 3803; x_wconf 88' lang='lat' dir='ltr'><strong>possit,</strong></span> <span class='ocrx_word' id='word_1_169' title='bbox 1262 3719 1401 3790; x_wconf 85' lang='lat' dir='ltr'><strong>docere.</strong></span> 
     </span>
     <span class='ocr_line' id='line_1_25' title="bbox 390 3835 1396 3920; baseline -0.005 -10"><span class='ocrx_word' id='word_1_170' title='bbox 390 3839 535 3910; x_wconf 84' lang='lat' dir='ltr'><strong>Eosdem</strong></span> <span class='ocrx_word' id='word_1_171' title='bbox 565 3838 733 3910; x_wconf 86' lang='lat' dir='ltr'><strong>studiosos</strong></span> <span class='ocrx_word' id='word_1_172' title='bbox 761 3836 966 3920; x_wconf 89' lang='lat' dir='ltr'><strong>Latinitatis,</strong></span> <span class='ocrx_word' id='word_1_173' title='bbox 997 3858 1084 3920; x_wconf 88' lang='lat' dir='ltr'><strong>quos</strong></span> <span class='ocrx_word' id='word_1_174' title='bbox 1105 3836 1235 3908; x_wconf 85' lang='lat' dir='ltr'><strong>Scholae</strong></span> <span class='ocrx_word' id='word_1_175' title='bbox 1255 3835 1396 3906; x_wconf 74' lang='lat' dir='ltr'><strong>Caesari·</strong></span> 
     </span>
     <span class='ocr_line' id='line_1_26' title="bbox 388 3952 1396 4040; baseline -0.005 -13"><span class='ocrx_word' id='word_1_176' title='bbox 388 3956 454 4028; x_wconf 93' lang='lat' dir='ltr'><strong>bus</strong></span> <span class='ocrx_word' id='word_1_177' title='bbox 476 3964 582 4040; x_wconf 82' lang='lat' dir='ltr'><strong>atoue</strong></span> <span class='ocrx_word' id='word_1_178' title='bbox 604 3953 823 4026; x_wconf 88' lang='lat' dir='ltr'><strong>Ciceronibus</strong></span> <span class='ocrx_word' id='word_1_179' title='bbox 843 3953 1039 4024; x_wconf 88' lang='lat' dir='ltr'><strong>abalienant</strong></span> <span class='ocrx_word' id='word_1_180' title='bbox 1070 3953 1331 4037; x_wconf 87' lang='lat' dir='ltr'><strong>stomachosque</strong></span> <span class='ocrx_word' id='word_1_181' title='bbox 1353 3952 1396 4023; x_wconf 88' lang='lat' dir='ltr'><strong>iis</strong></span> 
     </span>
     <span class='ocr_line' id='line_1_27' title="bbox 389 4069 1395 4156; baseline -0.004 -12"><span class='ocrx_word' id='word_1_182' title='bbox 389 4079 542 4156; x_wconf 86' lang='lat' dir='ltr'><strong>vertunt,</strong></span> <span class='ocrx_word' id='word_1_183' title='bbox 563 4095 635 4156; x_wconf 90' lang='lat' dir='ltr'><strong>nos,</strong></span> <span class='ocrx_word' id='word_1_184' title='bbox 657 4092 759 4142; x_wconf 89' lang='lat' dir='ltr'><strong>sensu</strong></span> <span class='ocrx_word' id='word_1_185' title='bbox 780 4071 963 4154; x_wconf 90' lang='lat' dir='ltr'><strong>communi,</strong></span> <span class='ocrx_word' id='word_1_186' title='bbox 979 4071 1121 4155; x_wconf 89' lang='lat' dir='ltr'><strong>simplici</strong></span> <span class='ocrx_word' id='word_1_187' title='bbox 1141 4092 1182 4141; x_wconf 89' lang='lat' dir='ltr'><strong>ac</strong></span> <span class='ocrx_word' id='word_1_188' title='bbox 1202 4069 1395 4141; x_wconf 91' lang='lat' dir='ltr'><strong>delectabili</strong></span> 
     </span>
     <span class='ocr_line' id='line_1_28' title="bbox 389 4187 1400 4270; baseline -0.004 -10"><span class='ocrx_word' id='word_1_189' title='bbox 389 4190 534 4261; x_wconf 91' lang='lat' dir='ltr'><strong>lectione</strong></span> <span class='ocrx_word' id='word_1_190' title='bbox 561 4192 708 4260; x_wconf 70' lang='lat' dir='ltr'><strong>Amen</strong></span> <span class='ocrx_word' id='word_1_191' title='bbox 729 4188 836 4260; x_wconf 91' lang='lat' dir='ltr'><strong>nostri</strong></span> <span class='ocrx_word' id='word_1_192' title='bbox 857 4188 901 4258; x_wconf 94' lang='lat' dir='ltr'><strong>ad</strong></span> <span class='ocrx_word' id='word_1_193' title='bbox 923 4187 1145 4258; x_wconf 89' lang='lat' dir='ltr'><strong>Latinitatem</strong></span> <span class='ocrx_word' id='word_1_194' title='bbox 1176 4187 1400 4270; x_wconf 71' lang='lat' dir='ltr'><strong>diligendam,</strong></span> 
     </span>
    </p>
   </div>
   <div class='ocr_carea' id='block_1_4' title="bbox 0 0 1774 5156">
    <p class='ocr_par' dir='ltr' id='par_1_5' title="bbox 0 0 1774 5156">
     <span class='ocr_line' id='line_1_29' title="bbox 0 0 1774 5156; baseline 0 0"><span class='ocrx_word' id='word_1_195' title='bbox 0 0 1774 5156; x_wconf 95' lang='lat' dir='ltr'><strong> </strong></span> 
     </span>
    </p>
   </div>
  </div>
 </body>
</html>
