3554 5156
428 935 471 1005 66
659 951 917 1006 rurcnnrruno
939 950 1209 1016 Ambrussum

428 1118 569 1189 floribus
584 1117 824 1201 fructibusque
840 1125 1053 1200 onustarum,
1078 1117 1148 1188 acsi
1170 1117 1282 1188 media
1296 1118 1431 1201 vigeret

429 1243 539 1306 aestas.
557 1235 702 1306 Prohinc
716 1255 854 1305 sursum
870 1242 1009 1318 xystum
1024 1235 1166 1318 equitat,
1181 1256 1330 1318 moxque
1344 1257 1381 1304 se
1394 1235 1430 1304 in

427 1353 539 1423 medio
562 1352 693 1436 reperit
713 1351 934 1436 pulcherrimi
958 1351 1060 1421 horti.
1083 1351 1226 1422 Nullum
1249 1351 1305 1422 hic
1330 1351 1433 1422 vesti·

427 1470 525 1554 gium
539 1469 744 1540 cernebatur
757 1468 900 1552 nivium,
915 1475 978 1539 aut
991 1468 1093 1552 gelidi
1109 1469 1214 1538 venti.
1237 1469 1352 1539 Floras
1366 1468 1429 1538 cir-

426 1608 643 1670 cumquaque
659 1585 834 1669 vigebant.
857 1585 1059 1656 Statuamm
1074 1586 1109 1654 in
1125 1585 1226 1656 horto
1240 1587 1354 1656 nullus
1367 1607 1430 1655 nu·

428 1725 552 1774 merus.
569 1703 633 1774 Hae
648 1703 778 1786 ubique
792 1702 940 1785 stabant,
955 1702 1021 1772 sub
1035 1703 1222 1785 arboribus,
1237 1703 1272 1772 in
1283 1702 1430 1786 caespiti·

426 1822 502 1904 bus,
518 1842 797 1904 quaquaversum
810 1819 846 1888 in
860 1819 946 1890 lucis
959 1826 1064 1902 atque
1079 1820 1291 1890 ambulacris.

510 1938 622 2008 Medio
637 1938 673 2007 in
688 1937 797 2008 fundo
810 1937 977 2021 palatium
1003 1937 1126 2006 stabat.
1148 1938 1318 2008 Mercator
1342 1939 1429 2009 latos

425 2055 554 2140 gradus
567 2054 717 2138 lapideos
731 2076 753 2124 a
766 2056 883 2124 fronte
908 2055 1025 2138 palatii
1050 2053 1144 2124 haud
1170 2054 1429 2126 dubitabundus

424 2171 629 2253 conscendit,
645 2178 874 2254 penetratque
889 2170 976 2240 ostia
990 2171 1026 2239 in
1040 2171 1182 2254 fastigio
1196 2172 1367 2254 graduum
1383 2173 1430 2242 lu·

426 2295 461 2359 te
482 2309 661 2372 propansa.
683 2287 904 2357 Perambulat
926 2287 1085 2370 ambitus,
1107 2289 1275 2372 pluraque
1300 2291 1429 2360 concla-

425 2406 492 2489 via,
507 2427 617 2476 unum
633 2410 710 2488 post
724 2406 883 2475 alterum.
895 2403 1029 2475 Cuncta
1042 2405 1157 2474 inania
1170 2405 1322 2476 hiabant.
1337 2407 1429 2478 Stre·

425 2524 537 2608 pitum
553 2522 768 2606 propriorum
783 2542 966 2605 gressuum
982 2530 1209 2605 resonantem,
1224 2530 1265 2594 ut
1280 2524 1429 2594 ambula-

425 2641 494 2724 bat,
508 2663 571 2710 nec
586 2640 774 2724 quidquam
789 2639 882 2710 aliud
907 2639 1077 2709 audiebat.
1100 2641 1140 2709 In
1165 2661 1235 2710 uno
1260 2641 1429 2710 cubiculo-

423 2780 501 2828 rum
516 2757 735 2841 conspicatur
749 2758 902 2841 amplum
917 2757 1113 2840 grabatum.

506 2875 622 2960 Quum
635 2874 765 2958 frigore
781 2873 952 2956 taedioque
973 2873 1104 2943 itineris
1128 2873 1313 2944 admodum
1336 2883 1427 2946 esset

422 2994 540 3074 lassus,
564 2992 600 3061 in
623 2991 808 3075 grabatum
829 2990 1001 3074 paulisper
1016 2990 1189 3061 decubuit.
1223 2991 1288 3060 Vix
1316 3013 1427 3063 unum

424 3195 497 3256 ralis,
521 3199 549 3246 et
565 3192 630 3260 quid
655 3192 836 3246 maiusculum
853 3191 877 3244 Α
893 3191 969 3252 velit,
987 3191 1091 3258 ignoro.
1108 3191 1219 3244 Nullum
1237 3193 1311 3245 enim
1327 3194 1425 3256 locum,

426 3279 530 3330 nullam
542 3281 652 3342 gentem
665 3276 723 3328 eius
735 3275 854 3328 nominis
863 3274 927 3336 scio,
939 3290 1051 3341 quorum
1061 3290 1093 3326 ea
1102 3275 1209 3341 propria
1217 3276 1280 3328 sint.
1289 3276 1426 3340 Romanis,

425 3367 496 3414 teste
509 3359 606 3420 Plinio,
620 3359 692 3411 mala
709 3358 768 3411 haec
785 3363 816 3410 ut
834 3355 952 3410 Medica
970 3363 1048 3410 eraut
1066 3363 1139 3420 nota
1156 3359 1284 3424 quoniam
1296 3375 1329 3412 ex
1340 3359 1429 3414 Media

425 3443 559 3510 originem
573 3441 716 3494 duxerunt.
733 3441 825 3494 Unum
837 3457 901 3507 ergo
915 3445 1036 3506 superest
1054 3441 1125 3508 quod
1143 3442 1241 3494 coniici
1254 3443 1343 3505 liceat,
1355 3459 1428 3496 nem·

425 3543 459 3594 pe
472 3526 589 3580 imitatio
601 3541 649 3590 per
661 3525 846 3578 assonantiam
859 3523 941 3576 verbo
958 3524 1073 3577 Arabico
1085 3522 1243 3578 norandalr
1257 3525 1354 3589 (sonus
1367 3527 1428 3580 sibi·

425 3613 469 3664 lus
480 3609 630 3676 gratuitus)
646 3624 679 3661 ex
691 3607 807 3669 Persico,
818 3621 949 3673 narona·
961 3607 996 3660 ab
1010 3607 1143 3660 Arabibus
1154 3613 1246 3660 autem
1257 3609 1351 3662 eodem
1367 3611 1427 3664 fere

425 3710 492 3749 sono
504 3692 582 3746 sibilo
596 3691 708 3744 Francis
725 3687 864 3753 oranzsb,
891 3690 996 3758 Anglis,
1014 3689 1130 3756 denique
1140 3687 1301 3755 oraadzsb,
1316 3693 1359 3746 cui
1371 3694 1427 3761 qui-

426 3778 488 3831 dem
499 3773 678 3838 Amantium,
694 3773 717 3827 si
730 3773 890 3826 Germanico
907 3788 981 3825 more
998 3773 1127 3826 elimatur
1137 3780 1169 3826 ut
1179 3774 1366 3838 Aurantzium,
1379 3777 1428 3830 La·

425 3862 515 3915 tinum
528 3858 699 3919 Amandum,
710 3872 787 3924 teque
799 3862 881 3924 atque
892 3857 1059 3918 “amantia'’
1071 3864 1217 3910 assonaret.
1235 3859 1271 3911 Et
1282 3859 1333 3912 hoc
1345 3861 1428 3914 credi·

425 3945 480 3998 bile
491 3948 541 4004 est,
553 3941 681 4009 quoniam
694 3946 722 3993 et
735 3939 903 4006 principatus
920 3939 1072 4002 Aceronia,
1093 3941 1204 4008 eiusque
1221 3942 1325 4004 incolae,
1343 3945 1426 4012 vulgo

428 4022 585 4082 Oraodzab
598 4025 775 4090 appellantur,
794 4023 918 4090 quamvis
935 4024 1040 4076 nullum
1058 4024 1118 4076 soni
1136 4025 1208 4077 sibili
1219 4025 1257 4078 ibi
1269 4026 1305 4079 sit
1318 4027 1428 4094 vestigi-

424 4127 480 4164 urn.
500 4109 558 4174 Ego
577 4113 670 4160 umen
693 4107 795 4160 rectius
819 4121 915 4160 censeo
928 4105 1043 4159 molum
1054 4121 1180 4170 uorans,
1196 4114 1303 4174 propter
1314 4125 1426 4164 aureum

427 4195 551 4252 colorem,
565 4196 647 4258 atque
658 4190 775 4258 aliquem
789 4205 907 4252 sensum,
919 4206 999 4258 quam
1011 4191 1117 4243 nullum
1129 4207 1245 4244 sensum.
