3554 5156
457 971 500 1042 78
693 985 1219 1050 ruucunrruuonrouraesrm

454 1155 624 1238 teroquin,
650 1153 677 1223 si
703 1154 767 1223 hoc
791 1174 900 1223 unum
921 1153 1047 1238 demas,
1071 1154 1145 1238 ipsa
1170 1155 1355 1227 admodum
1381 1164 1455 1228 erat

453 1273 565 1354 beata,
590 1272 639 1341 ita
662 1272 817 1354 profecto
842 1269 954 1354 beata,
980 1277 1020 1340 ut
1048 1272 1220 1356 temporis,
1246 1274 1338 1357 quod
1364 1274 1455 1345 domi

453 1391 590 1474 egisset,
606 1409 745 1471 prorsus
768 1393 858 1457 esset
883 1387 1070 1458 immemor.
1097 1389 1196 1459 Unus
1219 1391 1355 1474 mensis,
1376 1391 1454 1462 dein

453 1507 521 1579 duo
537 1527 679 1588 menses,
701 1504 848 1588 denique
870 1512 941 1575 tres
966 1505 1239 1589 praeterivenmt.
1266 1507 1318 1578 Ex
1338 1517 1453 1580 mente

453 1623 720 1696 pulchritudinis
734 1623 937 1706 promissum
953 1623 1090 1694 omnino
1112 1624 1245 1694 excidit.

536 1741 691 1827 Quadam
706 1740 854 1823 denique
867 1746 968 1809 nocte
993 1739 1067 1823 ipsa
1091 1741 1179 1811 vidit
1203 1743 1383 1813 somnium.
1405 1744 1453 1813 At

451 1862 515 1932 hoc
530 1881 598 1930 non
613 1859 655 1928 de
669 1859 795 1928 iuvene
809 1863 894 1939 erat,
910 1878 1015 1939 quem
1035 1857 1070 1927 in
1094 1858 1202 1929 hortis
1224 1859 1348 1930 Bestiae
1363 1881 1451 1930 reon·

450 1977 568 2049 venire
594 1977 630 2046 in
655 1975 786 2046 somnio
810 1982 1047 2044 consueverat.
1063 1973 1196 2046 Scilicet
1210 1977 1402 2047 somniabat
1415 1999 1451 2048 se

449 2097 485 2166 in
509 2093 619 2165 bortis
643 2092 759 2176 palatii
788 2091 973 2174 ambulare,
998 2099 1102 2174 atque
1122 2099 1241 2176 xystos
1264 2116 1450 2178 pererrare,

451 2234 559 2296 quum
582 2211 618 2280 in
642 2209 815 2280 tramitem
840 2208 1019 2290 incidisset
1035 2230 1140 2291 quem
1154 2232 1333 2293 nunquam
1349 2220 1452 2282 antea

449 2331 593 2401 viderat.
602 2329 745 2398 Trames
759 2327 802 2397 ad
818 2333 968 2410 antrum,
983 2327 1018 2396 in
1033 2329 1140 2398 latere
1155 2329 1279 2400 tumuli
1294 2329 1451 2401 ducebat

449 2448 527 2531 Ipsa
541 2454 681 2517 antrum
696 2444 849 2526 intravit,
864 2444 924 2514 ubi
946 2444 1096 2514 Bestiam
1118 2444 1215 2515 humi
1240 2453 1447 2530 prostratam

447 2565 588 2635 invenit.
611 2563 748 2634 Iacebat
762 2569 879 2632 autem
895 2561 1010 2632 Bestia
1033 2583 1172 2645 prorsus
1196 2562 1347 2648 immota,
1362 2571 1449 2634 tam-

447 2703 551 2766 quam
566 2687 712 2750 mortua.
730 2677 953 2749 Pulchritudo
967 2677 1076 2748 affata
1090 2700 1167 2749 eam
1181 2687 1244 2764 est,
1259 2679 1317 2750 illa
1330 2688 1447 2752 tamen

446 2821 516 2870 non
530 2821 565 2870 se
581 2798 699 2868 movit.
721 2797 816 2866 Num
832 2795 946 2866 Bestia
961 2817 1083 2866 revera
1108 2802 1246 2866 mortua
1269 2799 1344 2869 est?
1368 2798 1447 2870 Pul·

446 2915 604 2987 chritudo
614 2915 712 2984 iuxta
721 2913 902 2982 immotum
912 2933 1036 2996 corpus
1051 2911 1087 2982 in
1101 2934 1217 2997 genua
1225 2914 1369 2997 procidit
1379 2914 1447 2986 sin·

443 3034 593 3118 gultans,
618 3031 801 3114 verbisque
830 3030 1044 3113 compellans,
1074 3037 1125 3111 ut,
1155 3037 1276 3100 utrum
1300 3031 1444 3116 vireret,

445 3150 673 3234 responderet.
686 3149 882 3232 Antequam
896 3154 1013 3217 tamen
1025 3147 1060 3217 id
1075 3147 1259 3231 comperire
1274 3155 1444 3233 potuerat,

443 3267 630 3351 evigilavit.
653 3265 809 3336 Necdum
824 3271 899 3334 erat
913 3285 1024 3334 mane.
1046 3264 1086 3334 In
1100 3263 1257 3336 cubiculo
1270 3287 1381 3349 usque
1395 3273 1445 3337 te·

443 3384 560 3455 nebrae
581 3388 690 3453 erant.

527 3499 625 3571 “Sine
639 3520 735 3568 mora
749 3496 833 3568 milri
847 3497 1061 3568 redeundum
1086 3499 1171 3581 est,”
1196 3498 1370 3582 cogitabat
1392 3520 1444 3570 se·

416 3707 418 3720 .
441 3639 521 3689 cum
535 3614 769 3697 Pulchritudo,
782 3613 889 3698 igitur
902 3614 1069 3684 annulum
1084 3614 1120 3684 in
1136 3615 1243 3699 digito
1268 3615 1355 3686 illico
1381 3615 1443 3686 cir·

441 3733 627 3807 cumvertit
641 3733 774 3816 aitque:
797 3729 858 3802 “In
872 3731 1038 3815 palatium
1063 3732 1189 3803 Bestiae
1213 3731 1358 3817 perferri
1379 3754 1439 3803 cu·

441 3852 532 3937 pio.”
547 3851 638 3921 Tum
653 3851 779 3920 iterum
794 3847 1008 3919 obdormivit.

525 3969 587 4040 Die
601 3973 720 4038 exorto
733 3966 768 4036 in
790 3987 853 4036 suo
875 3966 1031 4038 cubiculo
1056 3967 1172 4052 palatii
1197 3967 1441 4051 expergefacta

438 4093 500 4158 est.
516 4084 649 4155 Famuli
663 4083 717 4154 sui
732 4082 829 4166 simii,
843 4104 969 4167 pompa
983 4084 1123 4168 egregia
1136 4083 1247 4154 ornati
1258 4083 1320 4154 sibi
1335 4084 1439 4154 servi·

437 4203 485 4274 tio
501 4201 653 4283 aderant,
668 4199 799 4284 sibique
814 4199 1023 4271 ientaculum
1039 4200 1301 4284 dapinaverunt,
