3522 5156
437 884 479 954 50
701 899 958 954 emcnmcuoo
981 899 1181 954 consulum

436 1089 484 1150 ra,
500 1067 646 1150 indeque
662 1066 828 1136 moritura
843 1073 941 1136 esset.
955 1066 1028 1136 Hoc
1036 1066 1181 1137 effatum
1196 1089 1289 1150 sagae
1301 1069 1440 1138 univer-

437 1207 492 1255 sos
506 1207 632 1268 magno
647 1185 787 1254 horrore
801 1183 956 1268 perculit,
971 1206 1034 1254 nec
1056 1184 1237 1267 quisquam
1260 1205 1378 1254 eorum
1393 1187 1440 1256 la·

436 1323 571 1386 crymas
595 1301 752 1373 cohibere
777 1302 900 1386 potuit.
922 1302 1051 1372 Eodem
1081 1303 1154 1386 ipso
1178 1305 1341 1389 temporis
1366 1326 1437 1374 mo-

435 1427 552 1488 mento
566 1419 701 1489 iuvenis
721 1419 778 1490 dia
791 1442 835 1488 ex
848 1441 910 1489 suo
925 1441 1012 1503 pone
1028 1420 1177 1490 aulaeum
1199 1423 1339 1492 latibulo
1362 1443 1438 1506 pro·

379 1613 381 1616 ,
435 1536 507 1619 diit,
533 1543 569 1606 et
595 1537 668 1606 haec
692 1535 799 1605 verba
823 1537 981 1619 protulit:
1004 1535 1054 1606 “O
1076 1537 1158 1620 Rex,
1175 1545 1279 1622 atque
1295 1540 1436 1623 Regina,

434 1653 519 1722 forti
543 1660 615 1723 este
640 1653 763 1735 animo,
788 1652 857 1722 filia
886 1659 999 1723 vestra
1023 1676 1091 1724 non
1116 1656 1290 1725 morietur.
1314 1657 1437 1727 Fateor

435 1771 575 1854 quidem
589 1792 645 1840 me
660 1771 704 1853 id,
721 1771 812 1853 quod
827 1792 932 1840 senex
953 1792 1037 1854 saga
1061 1772 1202 1854 fecerat,
1228 1774 1364 1843 omnino
1386 1774 1436 1843 in-

433 1888 567 1959 fectum
582 1888 723 1957 reddere
749 1889 909 1971 nequire;
932 1888 1040 1971 Regia
1064 1888 1154 1957 enim
1181 1889 1265 1958 Filia
1290 1890 1436 1973 digitum

435 2027 537 2075 suum
551 2005 631 2074 tuso
646 2026 767 2074 revera
781 2005 967 2088 scarifabit‚
982 2028 1051 2075 non
1063 2011 1179 2075 tamen
1189 2007 1354 2077 morietur
1362 2031 1370 2090 ;
1387 2015 1437 2078 at·

434 2130 550 2193 tamen
565 2143 607 2191 ex
622 2121 764 2190 vulnere
774 2122 810 2191 in
821 2123 1033 2204 protundum
1044 2122 1260 2206 consopietur
1269 2145 1436 2208 somnum,

434 2261 496 2309 nec
511 2245 591 2308 ante
604 2245 744 2307 centum
758 2259 866 2308 annos
879 2239 958 2308 inde
980 2239 1201 2322 expergisceq
1226 2262 1294 2322 quo
1319 2249 1436 2312 tamen

434 2363 588 2439 tempore
604 2363 724 2425 exacto
740 2355 831 2425 filius
845 2356 1023 2426 cuiusdam
1039 2357 1130 2440 regis
1143 2357 1270 2441 veniet,
1292 2379 1436 2441 eamque

434 2472 719 2557 expergefaciet.''

519 2640 592 2709 Rex
607 2639 745 2722 quidem
766 2638 950 2710 immanem
973 2641 1201 2712 calamitatem
1216 2664 1238 2711 a
1252 2663 1335 2726 saga
1350 2665 1435 2726 prae·

433 2758 639 2838 nuntiatam,
655 2756 862 2826 omnimodo
877 2764 1034 2827 avertere
1060 2758 1248 2829 conabatur
1273 2761 1435 2842 evulgato

434 2876 581 2956 decreto,
606 2873 728 2956 nequis
753 2894 896 2944 suorum
921 2874 1139 2944 subditorum
1165 2875 1200 2944 in
1222 2876 1334 2946 nendo
1355 2878 1435 2948 fuso

434 2997 602 3071 uteretur,
617 2989 797 3059 autetiam
817 2990 938 3060 fusum
953 2991 989 3060 in
1003 3012 1067 3061 sua
1090 2999 1258 3074 potestate
1282 2993 1434 3078 haberet,

433 3115 469 3180 et
483 3108 547 3178 hoc
563 3105 628 3176 sub
642 3126 745 3189 poena
759 3107 890 3189 capitis.

516 3279 599 3348 Post
613 3284 750 3348 exactos
764 3275 991 3360 quinosdenos
1005 3283 1067 3346 aut
1092 3275 1297 3346 senosdenos
1316 3298 1434 3361 annos,

432 3397 517 3468 dum
531 3417 592 3466 rex
606 3395 794 3478 reginaque
809 3393 845 3463 in
860 3393 941 3464 villa
961 3414 1024 3464 sua
1044 3393 1116 3463 ruci
1131 3393 1290 3477 agebant,
1306 3383 1433 3477 evenit,

432 3521 474 3585 ut
488 3512 741 3584 adolescentula
754 3511 863 3595 Regia
887 3509 972 3581 Filia
997 3510 1145 3594 quodam
1170 3509 1225 3579 die
1250 3517 1359 3580 totam
1381 3533 1434 3582 rc·

434 3631 526 3715 giam
540 3634 766 3713 percuraret,
786 3633 823 3698 et
833 3635 1014 3710 postquam
1031 3627 1179 3711 plurima
1193 3626 1349 3697 cubicula
1362 3649 1437 3712 per·

434 3753 591 3828 errasset,
626 3744 767 3815 tandem
791 3743 826 3813 in
856 3743 1027 3827 quoddam
1052 3744 1248 3814 cubiculum
1272 3744 1436 3828 subtegli-

432 3886 519 3935 num
532 3863 568 3933 in
583 3884 719 3934 summa
738 3861 827 3932 turri
841 3860 995 3943 intumet,
1006 3861 1066 3931 ubi
1081 3882 1169 3930 anus
1182 3861 1331 3931 solitaria
1351 3883 1434 3932 nen·

433 3984 477 4054 do
492 3988 581 4052 esset
596 3980 741 4063 intenta,
767 4000 847 4064 quae
860 3978 903 4049 de
917 3977 1028 4049 edicto
1054 3979 1149 4060 regio
1170 4001 1350 4062 nunquam
1375 4001 1434 4050 au·

433 4097 583 4180 divisset,
596 4118 665 4181 quo
680 4096 722 4166 de
735 4117 802 4167 usu
817 4095 889 4166 fusi
917 4095 1074 4165 omnibus
1098 4095 1319 4165 interdictum
1333 4103 1434 4172 esset.
