3522 5156
609 1027 865 1086 rumnmruno
887 1027 1092 1083 oonsorrrn
1307 1009 1350 1080 57

350 1197 519 1280 netrabat‚
544 1197 580 1267 in
605 1197 730 1280 quibus
753 1197 819 1268 viri
843 1195 944 1268 aulici
972 1203 1216 1278 matronaeque,
1244 1193 1350 1277 aliqui

349 1322 491 1398 stantes,
504 1314 561 1384 alii
576 1314 744 1396 sedentes,
758 1335 876 1384 omnes
890 1320 1008 1384 tamen
1031 1333 1148 1383 somno
1172 1311 1264 1396 capti
1284 1311 1349 1382 visi

349 1439 431 1504 sunt
439 1453 448 1515 ;
470 1440 545 1503 tum
559 1431 710 1504 intrabat
723 1453 893 1502 cameram
908 1439 1076 1514 auratam,
1091 1429 1151 1501 ubi
1166 1429 1284 1501 aulaeis
1305 1451 1349 1499 ex

349 1557 447 1635 parte
462 1550 616 1632 revulsis,
632 1551 668 1619 in
683 1551 771 1620 lecto
785 1549 923 1634 aliquid,
947 1550 983 1620 in
1007 1550 1099 1620 omni
1121 1549 1250 1621 mundo
1270 1547 1348 1618 visu

347 1667 615 1754 pulcherrimum
629 1667 823 1751 conspexit:
839 1668 947 1752 Regia
956 1667 1073 1752 Virgo,
1084 1688 1163 1751 quae
1178 1666 1238 1736 vix
1252 1665 1350 1750 quin·

347 1786 517 1858 decimum
531 1793 593 1856 aut
608 1785 814 1856 sedecimum
829 1787 942 1857 aetatis
956 1807 1085 1856 annum
1096 1807 1200 1869 agere
1214 1783 1351 1854 ridebo·

348 1911 415 1988 tur,
430 1903 572 1985 iacebat,
587 1903 685 1974 cuius
698 1903 868 1987 effulgens
877 1902 1094 1988 pulchritudo
1104 1923 1209 1987 prope
1220 1901 1351 1972 coelesti

349 2021 525 2104 splendore
541 2021 706 2091 radiabat.

432 2139 583 2209 Accessit
597 2137 739 2221 proinde
753 2137 890 2208 iuvenis
902 2158 971 2208 non
987 2137 1059 2208 sine
1080 2143 1228 2207 tremore
1243 2135 1349 2206 omni·

350 2277 409 2326 um
423 2264 572 2338 artuum,
588 2256 802 2339 affectusque
817 2255 904 2325 mira
919 2253 1142 2325 delectatione
1165 2262 1269 2338 atque
1290 2253 1350 2324 ad·

348 2373 537 2455 miratione,
551 2373 648 2442 iuxta
662 2373 789 2442 lectum
803 2371 847 2442 ed
860 2392 975 2454 genua
1001 2371 1153 2456 procidit.
1180 2371 1271 2442 Tum
1292 2371 1349 2442 de-

348 2490 436 2574 inde,
453 2511 562 2575 quum
577 2497 714 2574 tempus
727 2488 909 2573 rumpendi
929 2489 1052 2560 fascini
1065 2488 1270 2572 advenisset,
1286 2488 1350 2560 Re-

348 2607 406 2692 gia
419 2607 526 2690 Virgo
540 2607 655 2677 oculos
669 2605 859 2690 adoperuit,
869 2605 1013 2689 visoque
1023 2605 1158 2688 iuvene,
1169 2626 1249 2676 eum
1258 2626 1349 2675 sum·

349 2746 405 2795 ma
420 2723 660 2805 teneritudine,
675 2744 780 2806 quam
794 2721 886 2792 haud
902 2721 1049 2805 experiri
1064 2721 1174 2792 solent
1199 2721 1259 2806 oui
1282 2721 1349 2804 pri·

349 2861 445 2910 mum
460 2841 551 2910 inter
564 2861 600 2910 se
615 2839 836 2921 conveniunt,
852 2839 899 2909 sic
914 2839 1060 2908 affatur:

432 2956 552 3027 “Tune
566 2957 595 3027 is
609 2979 656 3039 es,
670 2955 777 3040 Regie
792 2955 947 3026 Iuvenis?
963 2955 1047 3039 ohe,
1063 2977 1166 3039 quarn
1183 2955 1242 3026 diu
1257 2977 1278 3026 a
1292 2978 1347 3026 me

348 3075 614 3159 exspectandum
630 3081 706 3144 tute
720 3072 908 3156 praestitisti
917 3072 946 3140 !’'

430 3191 552 3262 Verbis
565 3191 619 3262 his
633 3191 818 3262 admodum
833 3191 1030 3273 delectatus,
1045 3191 1146 3261 modo
1160 3199 1277 3262 autem
1292 3191 1349 3262 be·

347 3309 452 3392 nigno
467 3315 574 3392 atque
588 3308 724 3379 amabili
738 3329 806 3392 quo
822 3307 1087 3391 proferebantur
1112 3307 1215 3378 etiam
1238 3309 1349 3392 magis

346 3426 502 3508 affectus,
519 3425 647 3509 Regius
662 3425 800 3496 Iuvenis
823 3425 915 3496 haud
938 3425 1037 3496 scivit
1058 3426 1349 3518 ¹quemadmodum

347 3565 448 3614 suum
474 3544 652 3629 gaudium,
678 3543 851 3626 animique
879 3543 971 3626 grati
1000 3564 1140 3614 sensum
1166 3545 1248 3615 satis
1269 3553 1349 3630 apte

346 3663 513 3746 aperiret;
535 3662 675 3732 tandem
689 3661 865 3744 professus
879 3667 981 3730 estse
996 3681 1073 3730 eam
1095 3659 1167 3743 ipss
1189 3665 1251 3732 sut
1273 3684 1350 3746 pro

346 3779 422 3864 prid
436 3779 510 3848 vitu
521 3777 711 3849 chariorem
725 3776 862 3848 habere.
884 3777 1057 3848 Ceterum
1081 3777 1215 3848 iuvenis
1228 3780 1349 3850 confu-

347 3895 414 3967 sior
428 3901 504 3966 erat
519 3916 623 3980 quam
637 3894 745 3978 Regia
758 3893 875 3976 Virgo,
890 3894 982 3978 quod
996 3917 1061 3965 nec
1085 3895 1212 3966 mirum
1238 3895 1348 3968 videri

347 4013 460 4096 debet,
474 4011 752 4096 quandoquidem
769 4011 892 4095 puelle
906 4033 968 4094 per
983 4018 1121 4096 tempus
1135 4012 1258 4086 licebat
1272 4035 1348 4099 per-

347 4130 496 4215 pendere
510 4129 591 4214 quid
606 4129 724 4199 iuveni
739 4127 873 4199 dictura
884 4134 984 4199 esset.
1006 4128 1201 4200 verosimile
1223 4132 1350 4202 etenim

347 4255 400 4319 est
415 4282 457 4294 -
470 4246 628 4330 quamvis
642 4245 783 4316 historia
795 4245 830 4316 id
844 4266 913 4316 non
928 4245 1057 4316 referat
1075 4281 1109 4292 -
1124 4245 1248 4319 bonam
1258 4249 1349 4320 diam
