<?xml version="1.0" encoding="UTF-8"?>
<!DOCTYPE html PUBLIC "-//W3C//DTD XHTML 1.0 Transitional//EN"
    "http://www.w3.org/TR/xhtml1/DTD/xhtml1-transitional.dtd">
<html xmlns="http://www.w3.org/1999/xhtml" xml:lang="en" lang="en">
 <head>
  <title>
</title>
<meta http-equiv="Content-Type" content="text/html;charset=utf-8" />
  <meta name='ocr-system' content='tesseract 3.04.00' />
  <meta name='ocr-capabilities' content='ocr_page ocr_carea ocr_par ocr_line ocrx_word'/>
</head>
<body>
  <div class='ocr_page' id='page_1' title='image "./fabuldivalesexn00apulgoog_0036.png"; bbox 0 0 3522 5156; ppageno 0'>
   <div class='ocr_carea' id='block_1_1' title="bbox 654 1023 1344 1093">
    <p class='ocr_par' dir='ltr' id='par_1_1' title="bbox 654 1023 1344 1093">
     <span class='ocr_line' id='line_1_1' title="bbox 654 1023 1344 1093; baseline 0.006 -4"><span class='ocrx_word' id='word_1_1' title='bbox 654 1035 824 1092; x_wconf 78' lang='lat' dir='ltr'><strong>nucarum</strong></span> <span class='ocrx_word' id='word_1_2' title='bbox 852 1037 1028 1092; x_wconf 71' lang='lat' dir='ltr'><strong>mannua</strong></span> <span class='ocrx_word' id='word_1_3' title='bbox 1298 1023 1344 1093; x_wconf 84' lang='lat'><strong>25</strong></span> 
     </span>
    </p>
   </div>
   <div class='ocr_carea' id='block_1_2' title="bbox 340 1203 1350 3520">
    <p class='ocr_par' dir='ltr' id='par_1_2' title="bbox 343 1203 1350 1994">
     <span class='ocr_line' id='line_1_2' title="bbox 343 1203 1346 1290; baseline 0 -16"><span class='ocrx_word' id='word_1_4' title='bbox 343 1205 446 1287; x_wconf 77' lang='lat' dir='ltr'><strong>ussa,l</strong></span> <span class='ocrx_word' id='word_1_5' title='bbox 472 1211 508 1275; x_wconf 90' lang='lat' dir='ltr'><strong>et</strong></span> <span class='ocrx_word' id='word_1_6' title='bbox 533 1203 649 1288; x_wconf 79' lang='lat' dir='ltr'><strong>aliqui</strong></span> <span class='ocrx_word' id='word_1_7' title='bbox 675 1204 830 1289; x_wconf 80' lang='lat' dir='ltr'><strong>lymphi²</strong></span> <span class='ocrx_word' id='word_1_8' title='bbox 855 1205 1001 1288; x_wconf 79' lang='lat' dir='ltr'><strong>dealbat,</strong></span> <span class='ocrx_word' id='word_1_9' title='bbox 1027 1211 1200 1290; x_wconf 87' lang='lat' dir='ltr'><strong>caputque</strong></span> <span class='ocrx_word' id='word_1_10' title='bbox 1211 1205 1346 1289; x_wconf 90' lang='lat' dir='ltr'><strong>capilla-</strong></span> 
     </span>
     <span class='ocr_line' id='line_1_3' title="bbox 343 1321 1347 1407; baseline 0.003 -16"><span class='ocrx_word' id='word_1_11' title='bbox 343 1325 474 1391; x_wconf 81' lang='lat' dir='ltr'><strong>mento⁸</strong></span> <span class='ocrx_word' id='word_1_12' title='bbox 489 1321 644 1405; x_wconf 86' lang='lat' dir='ltr'><strong>adornat,</strong></span> <span class='ocrx_word' id='word_1_13' title='bbox 661 1343 729 1407; x_wconf 89' lang='lat' dir='ltr'><strong>quo</strong></span> <span class='ocrx_word' id='word_1_14' title='bbox 744 1322 852 1406; x_wconf 86' lang='lat' dir='ltr'><strong>finito,</strong></span> <span class='ocrx_word' id='word_1_15' title='bbox 874 1324 1053 1407; x_wconf 91' lang='lat' dir='ltr'><strong>speculum</strong></span> <span class='ocrx_word' id='word_1_16' title='bbox 1067 1323 1114 1393; x_wconf 92' lang='lat' dir='ltr'><strong>illi</strong></span> <span class='ocrx_word' id='word_1_17' title='bbox 1129 1323 1269 1406; x_wconf 88' lang='lat' dir='ltr'><strong>praebet,</strong></span> <span class='ocrx_word' id='word_1_18' title='bbox 1286 1345 1347 1394; x_wconf 92' lang='lat' dir='ltr'><strong>un·</strong></span> 
     </span>
     <span class='ocr_line' id='line_1_4' title="bbox 344 1438 1347 1524; baseline 0.002 -16"><span class='ocrx_word' id='word_1_19' title='bbox 344 1438 386 1509; x_wconf 90' lang='lat' dir='ltr'><strong>de</strong></span> <span class='ocrx_word' id='word_1_20' title='bbox 400 1439 474 1522; x_wconf 89' lang='lat' dir='ltr'><strong>ipse</strong></span> <span class='ocrx_word' id='word_1_21' title='bbox 489 1460 628 1509; x_wconf 90' lang='lat' dir='ltr'><strong>cernere</strong></span> <span class='ocrx_word' id='word_1_22' title='bbox 644 1440 759 1523; x_wconf 85' lang='lat' dir='ltr'><strong>possit,</strong></span> <span class='ocrx_word' id='word_1_23' title='bbox 775 1461 880 1524; x_wconf 83' lang='lat' dir='ltr'><strong>quam</strong></span> <span class='ocrx_word' id='word_1_24' title='bbox 896 1441 950 1511; x_wconf 91' lang='lat' dir='ltr'><strong>sui</strong></span> <span class='ocrx_word' id='word_1_25' title='bbox 965 1441 1008 1510; x_wconf 85' lang='lat' dir='ltr'><strong>sit</strong></span> <span class='ocrx_word' id='word_1_26' title='bbox 1025 1441 1149 1510; x_wconf 78' lang='lat' dir='ltr'><strong>sinulls.</strong></span> <span class='ocrx_word' id='word_1_27' title='bbox 1171 1441 1263 1510; x_wconf 88' lang='lat' dir='ltr'><strong>Tum</strong></span> <span class='ocrx_word' id='word_1_28' title='bbox 1278 1461 1347 1510; x_wconf 91' lang='lat' dir='ltr'><strong>sce·</strong></span> 
     </span>
     <span class='ocr_line' id='line_1_5' title="bbox 344 1557 1347 1642; baseline 0 -15"><span class='ocrx_word' id='word_1_29' title='bbox 344 1557 547 1627; x_wconf 74' lang='lat' dir='ltr'><strong>lectissimus</strong></span> <span class='ocrx_word' id='word_1_30' title='bbox 562 1579 686 1641; x_wconf 78' lang='lat' dir='ltr'><strong>magus</strong></span> <span class='ocrx_word' id='word_1_31' title='bbox 700 1557 872 1629; x_wconf 84' lang='lat' dir='ltr'><strong>Fatimam</strong></span> <span class='ocrx_word' id='word_1_32' title='bbox 885 1558 1035 1642; x_wconf 81' lang='lat' dir='ltr'>pugione</span> <span class='ocrx_word' id='word_1_33' title='bbox 1050 1557 1210 1641; x_wconf 79' lang='lat' dir='ltr'><strong>perfodit,</strong></span> <span class='ocrx_word' id='word_1_34' title='bbox 1226 1579 1266 1628; x_wconf 93' lang='lat' dir='ltr'><strong>ac</strong></span> <span class='ocrx_word' id='word_1_35' title='bbox 1280 1557 1347 1640; x_wconf 91' lang='lat' dir='ltr'><strong>pri·</strong></span> 
     </span>
     <span class='ocr_line' id='line_1_6' title="bbox 343 1673 1348 1760; baseline 0.003 -18"><span class='ocrx_word' id='word_1_36' title='bbox 343 1695 400 1742; x_wconf 92' lang='lat' dir='ltr'><strong>ma</strong></span> <span class='ocrx_word' id='word_1_37' title='bbox 414 1673 490 1744; x_wconf 91' lang='lat' dir='ltr'><strong>luce</strong></span> <span class='ocrx_word' id='word_1_38' title='bbox 506 1695 525 1743; x_wconf 91' lang='lat' dir='ltr'><strong>e</strong></span> <span class='ocrx_word' id='word_1_39' title='bbox 539 1674 624 1744; x_wconf 88' lang='lat' dir='ltr'><strong>cella</strong></span> <span class='ocrx_word' id='word_1_40' title='bbox 638 1675 798 1758; x_wconf 85' lang='lat' dir='ltr'>prorepit,</span> <span class='ocrx_word' id='word_1_41' title='bbox 815 1675 912 1759; x_wconf 83' lang='lat' dir='ltr'>quasi</span> <span class='ocrx_word' id='word_1_42' title='bbox 926 1675 998 1760; x_wconf 90' lang='lat' dir='ltr'><strong>ipse</strong></span> <span class='ocrx_word' id='word_1_43' title='bbox 1019 1675 1064 1745; x_wconf 92' lang='lat' dir='ltr'><strong>sit</strong></span> <span class='ocrx_word' id='word_1_44' title='bbox 1088 1675 1232 1757; x_wconf 91' lang='lat' dir='ltr'><strong>Fatima,</strong></span> <span class='ocrx_word' id='word_1_45' title='bbox 1253 1695 1348 1757; x_wconf 84' lang='lat' dir='ltr'><strong>saga,</strong></span> 
     </span>
     <span class='ocr_line' id='line_1_7' title="bbox 345 1791 1350 1875; baseline 0.001 -14"><span class='ocrx_word' id='word_1_46' title='bbox 345 1798 450 1875; x_wconf 89' lang='lat' dir='ltr'><strong>atque</strong></span> <span class='ocrx_word' id='word_1_47' title='bbox 466 1792 569 1863; x_wconf 86' lang='lat' dir='ltr'><strong>turba</strong></span> <span class='ocrx_word' id='word_1_48' title='bbox 584 1813 665 1863; x_wconf 90' lang='lat' dir='ltr'><strong>eum</strong></span> <span class='ocrx_word' id='word_1_49' title='bbox 679 1791 894 1875; x_wconf 86' lang='lat' dir='ltr'><strong>circumfluit,</strong></span> <span class='ocrx_word' id='word_1_50' title='bbox 915 1792 1186 1863; x_wconf 86' lang='lat' dir='ltr'>benedictionem</span> <span class='ocrx_word' id='word_1_51' title='bbox 1203 1791 1277 1863; x_wconf 87' lang='lat' dir='ltr'><strong>eius</strong></span> <span class='ocrx_word' id='word_1_52' title='bbox 1290 1791 1350 1862; x_wconf 90' lang='lat' dir='ltr'><strong>fla·</strong></span> 
     </span>
     <span class='ocr_line' id='line_1_8' title="bbox 344 1909 468 1994; baseline -0.008 -14"><span class='ocrx_word' id='word_1_53' title='bbox 344 1909 468 1994; x_wconf 76' lang='lat' dir='ltr'><strong>gitans.</strong></span> 
     </span>
    </p>

    <p class='ocr_par' dir='ltr' id='par_1_3' title="bbox 340 2025 1347 2814">
     <span class='ocr_line' id='line_1_9' title="bbox 426 2025 1346 2110; baseline -0.001 -14"><span class='ocrx_word' id='word_1_54' title='bbox 426 2026 508 2096; x_wconf 81' lang='lat' dir='ltr'><strong>Haec</strong></span> <span class='ocrx_word' id='word_1_55' title='bbox 534 2027 666 2097; x_wconf 85' lang='lat' dir='ltr'><strong>Fatima</strong></span> <span class='ocrx_word' id='word_1_56' title='bbox 692 2027 865 2108; x_wconf 83' lang='lat' dir='ltr'><strong>ementita,</strong></span> <span class='ocrx_word' id='word_1_57' title='bbox 891 2026 997 2097; x_wconf 87' lang='lat' dir='ltr'><strong>dolori</strong></span> <span class='ocrx_word' id='word_1_58' title='bbox 1022 2027 1142 2110; x_wconf 88' lang='lat' dir='ltr'><strong>capitis</strong></span> <span class='ocrx_word' id='word_1_59' title='bbox 1162 2025 1292 2096; x_wconf 85' lang='lat' dir='ltr'>mederi</span> <span class='ocrx_word' id='word_1_60' title='bbox 1306 2026 1346 2096; x_wconf 88' lang='lat' dir='ltr'><strong>si·</strong></span> 
     </span>
     <span class='ocr_line' id='line_1_10' title="bbox 342 2143 1345 2228; baseline 0.005 -15"><span class='ocrx_word' id='word_1_61' title='bbox 342 2145 478 2214; x_wconf 90' lang='lat' dir='ltr'><strong>mulans</strong></span> <span class='ocrx_word' id='word_1_62' title='bbox 492 2143 617 2226; x_wconf 76' lang='lat' dir='ltr'><strong>sepius</strong></span> <span class='ocrx_word' id='word_1_63' title='bbox 642 2144 803 2227; x_wconf 87' lang='lat' dir='ltr'><strong>constitit,</strong></span> <span class='ocrx_word' id='word_1_64' title='bbox 828 2165 878 2227; x_wconf 88' lang='lat' dir='ltr'><strong>ac,</strong></span> <span class='ocrx_word' id='word_1_65' title='bbox 908 2144 1055 2228; x_wconf 85' lang='lat' dir='ltr'><strong>denique</strong></span> <span class='ocrx_word' id='word_1_66' title='bbox 1084 2145 1119 2213; x_wconf 92' lang='lat' dir='ltr'><strong>in</strong></span> <span class='ocrx_word' id='word_1_67' title='bbox 1149 2143 1345 2226; x_wconf 80' lang='lat' dir='ltr'><strong>compitum,</strong></span> 
     </span>
     <span class='ocr_line' id='line_1_11' title="bbox 340 2259 1347 2345; baseline -0.003 -13"><span class='ocrx_word' id='word_1_68' title='bbox 340 2269 422 2332; x_wconf 87' lang='lat' dir='ltr'><strong>ante</strong></span> <span class='ocrx_word' id='word_1_69' title='bbox 437 2262 601 2345; x_wconf 88' lang='lat' dir='ltr'><strong>palatium</strong></span> <span class='ocrx_word' id='word_1_70' title='bbox 615 2260 782 2344; x_wconf 83' lang='lat' dir='ltr'><strong>Aladdini,</strong></span> <span class='ocrx_word' id='word_1_71' title='bbox 798 2261 965 2344; x_wconf 85' lang='lat' dir='ltr'><strong>pervenit.</strong></span> <span class='ocrx_word' id='word_1_72' title='bbox 986 2260 1093 2344; x_wconf 78' lang='lat' dir='ltr'><strong>Regia</strong></span> <span class='ocrx_word' id='word_1_73' title='bbox 1109 2261 1192 2331; x_wconf 87' lang='lat' dir='ltr'><strong>Filia</strong></span> <span class='ocrx_word' id='word_1_74' title='bbox 1206 2259 1347 2330; x_wconf 89' lang='lat' dir='ltr'><strong>Badrul·</strong></span> 
     </span>
     <span class='ocr_line' id='line_1_12' title="bbox 343 2377 1346 2462; baseline -0.003 -13"><span class='ocrx_word' id='word_1_75' title='bbox 343 2378 490 2462; x_wconf 92' lang='lat' dir='ltr'><strong>budura,</strong></span> <span class='ocrx_word' id='word_1_76' title='bbox 517 2379 577 2448; x_wconf 91' lang='lat' dir='ltr'><strong>ubi</strong></span> <span class='ocrx_word' id='word_1_77' title='bbox 603 2377 744 2448; x_wconf 88' lang='lat' dir='ltr'><strong>turbam</strong></span> <span class='ocrx_word' id='word_1_78' title='bbox 769 2378 964 2462; x_wconf 85' lang='lat' dir='ltr'><strong>conspicata</strong></span> <span class='ocrx_word' id='word_1_79' title='bbox 987 2386 1050 2461; x_wconf 93' lang='lat' dir='ltr'><strong>est,</strong></span> <span class='ocrx_word' id='word_1_80' title='bbox 1073 2378 1232 2462; x_wconf 88' lang='lat' dir='ltr'><strong>quaesivit</strong></span> <span class='ocrx_word' id='word_1_81' title='bbox 1254 2377 1346 2447; x_wconf 80' lang='lat' dir='ltr'><strong>edo</strong></span> 
     </span>
     <span class='ocr_line' id='line_1_13' title="bbox 344 2493 1346 2580; baseline -0.002 -14"><span class='ocrx_word' id='word_1_82' title='bbox 344 2495 493 2567; x_wconf 89' lang='lat' dir='ltr'><strong>mesticis</strong></span> <span class='ocrx_word' id='word_1_83' title='bbox 507 2495 590 2577; x_wconf 88' lang='lat' dir='ltr'><strong>quid</strong></span> <span class='ocrx_word' id='word_1_84' title='bbox 605 2495 655 2565; x_wconf 91' lang='lat' dir='ltr'><strong>rei</strong></span> <span class='ocrx_word' id='word_1_85' title='bbox 671 2494 737 2565; x_wconf 90' lang='lat' dir='ltr'><strong>illic</strong></span> <span class='ocrx_word' id='word_1_86' title='bbox 752 2502 943 2580; x_wconf 81' lang='lat' dir='ltr'><strong>gereretur,</strong></span> <span class='ocrx_word' id='word_1_87' title='bbox 964 2503 1000 2566; x_wconf 91' lang='lat' dir='ltr'><strong>et</strong></span> <span class='ocrx_word' id='word_1_88' title='bbox 1025 2516 1134 2578; x_wconf 82' lang='lat' dir='ltr'><strong>quum</strong></span> <span class='ocrx_word' id='word_1_89' title='bbox 1159 2493 1346 2564; x_wconf 84' lang='lat' dir='ltr'><strong>audivisset</strong></span> 
     </span>
     <span class='ocr_line' id='line_1_14' title="bbox 344 2610 1345 2696; baseline 0 -14"><span class='ocrx_word' id='word_1_90' title='bbox 344 2633 463 2696; x_wconf 83' lang='lat' dir='ltr'><strong>sagam</strong></span> <span class='ocrx_word' id='word_1_91' title='bbox 476 2612 645 2682; x_wconf 86' lang='lat' dir='ltr'><strong>Fatimam</strong></span> <span class='ocrx_word' id='word_1_92' title='bbox 661 2612 801 2682; x_wconf 89' lang='lat' dir='ltr'><strong>turbam</strong></span> <span class='ocrx_word' id='word_1_93' title='bbox 815 2611 913 2694; x_wconf 92' lang='lat' dir='ltr'><strong>ciere,</strong></span> <span class='ocrx_word' id='word_1_94' title='bbox 928 2613 1021 2683; x_wconf 89' lang='lat' dir='ltr'><strong>misit</strong></span> <span class='ocrx_word' id='word_1_95' title='bbox 1036 2613 1094 2696; x_wconf 88' lang='lat' dir='ltr'><strong>qui</strong></span> <span class='ocrx_word' id='word_1_96' title='bbox 1120 2633 1197 2682; x_wconf 87' lang='lat' dir='ltr'><strong>eam</strong></span> <span class='ocrx_word' id='word_1_97' title='bbox 1222 2610 1345 2682; x_wconf 86' lang='lat' dir='ltr'><strong>invita·</strong></span> 
     </span>
     <span class='ocr_line' id='line_1_15' title="bbox 343 2729 779 2814; baseline -0.005 -14"><span class='ocrx_word' id='word_1_98' title='bbox 343 2738 407 2814; x_wconf 90' lang='lat' dir='ltr'><strong>ret,</strong></span> <span class='ocrx_word' id='word_1_99' title='bbox 423 2737 463 2801; x_wconf 91' lang='lat' dir='ltr'><strong>ut</strong></span> <span class='ocrx_word' id='word_1_100' title='bbox 477 2729 540 2800; x_wconf 94' lang='lat' dir='ltr'><strong>sibi</strong></span> <span class='ocrx_word' id='word_1_101' title='bbox 554 2729 779 2800; x_wconf 89' lang='lat' dir='ltr'><strong>benediceret.</strong></span> 
     </span>
    </p>

    <p class='ocr_par' dir='ltr' id='par_1_4' title="bbox 341 2846 1348 3520">
     <span class='ocr_line' id='line_1_16' title="bbox 426 2846 1344 2930; baseline -0.001 -12"><span class='ocrx_word' id='word_1_102' title='bbox 426 2847 625 2918; x_wconf 88' lang='lat' dir='ltr'><strong>Intromissa</strong></span> <span class='ocrx_word' id='word_1_103' title='bbox 650 2846 783 2916; x_wconf 85' lang='lat' dir='ltr'><strong>Fatima</strong></span> <span class='ocrx_word' id='word_1_104' title='bbox 808 2847 958 2930; x_wconf 85' lang='lat' dir='ltr'><strong>accessit,</strong></span> <span class='ocrx_word' id='word_1_105' title='bbox 988 2854 1091 2930; x_wconf 83' lang='lat' dir='ltr'><strong>atque</strong></span> <span class='ocrx_word' id='word_1_106' title='bbox 1118 2847 1225 2930; x_wconf 80' lang='lat' dir='ltr'><strong>Regia</strong></span> <span class='ocrx_word' id='word_1_107' title='bbox 1250 2846 1344 2930; x_wconf 88' lang='lat' dir='ltr'><strong>Filia,</strong></span> 
     </span>
     <span class='ocr_line' id='line_1_17' title="bbox 341 2963 1345 3050; baseline -0.003 -14"><span class='ocrx_word' id='word_1_108' title='bbox 341 2987 420 3050; x_wconf 87' lang='lat' dir='ltr'><strong>quae</strong></span> <span class='ocrx_word' id='word_1_109' title='bbox 434 2969 559 3036; x_wconf 80' lang='lat' dir='ltr'><strong>naturai</strong></span> <span class='ocrx_word' id='word_1_110' title='bbox 572 2969 636 3035; x_wconf 77' lang='lat' dir='ltr'><strong>sua</strong></span> <span class='ocrx_word' id='word_1_111' title='bbox 648 2963 797 3048; x_wconf 87' lang='lat' dir='ltr'><strong>piissima</strong></span> <span class='ocrx_word' id='word_1_112' title='bbox 812 2970 897 3046; x_wconf 90' lang='lat' dir='ltr'><strong>erat,</strong></span> <span class='ocrx_word' id='word_1_113' title='bbox 912 2963 1188 3048; x_wconf 85' lang='lat' dir='ltr'><strong>existimavitque</strong></span> <span class='ocrx_word' id='word_1_114' title='bbox 1204 2985 1345 3048; x_wconf 76' lang='lat' dir='ltr'><strong>magum</strong></span> 
     </span>
     <span class='ocr_line' id='line_1_18' title="bbox 341 3081 1346 3168; baseline -0.004 -12"><span class='ocrx_word' id='word_1_115' title='bbox 341 3107 461 3168; x_wconf 79' lang='lat' dir='ltr'><strong>sagam</strong></span> <span class='ocrx_word' id='word_1_116' title='bbox 492 3105 576 3167; x_wconf 90' lang='lat' dir='ltr'><strong>esse,</strong></span> <span class='ocrx_word' id='word_1_117' title='bbox 604 3104 685 3153; x_wconf 89' lang='lat' dir='ltr'><strong>eum</strong></span> <span class='ocrx_word' id='word_1_118' title='bbox 711 3083 754 3152; x_wconf 86' lang='lat' dir='ltr'><strong>ad</strong></span> <span class='ocrx_word' id='word_1_119' title='bbox 780 3081 990 3152; x_wconf 85' lang='lat' dir='ltr'><strong>manendum</strong></span> <span class='ocrx_word' id='word_1_120' title='bbox 1004 3082 1174 3151; x_wconf 86' lang='lat' dir='ltr'><strong>invitavit.</strong></span> <span class='ocrx_word' id='word_1_121' title='bbox 1197 3081 1346 3152; x_wconf 89' lang='lat' dir='ltr'><strong>Pseudo·</strong></span> 
     </span>
     <span class='ocr_line' id='line_1_19' title="bbox 341 3199 1348 3283; baseline -0.004 -11"><span class='ocrx_word' id='word_1_122' title='bbox 341 3203 475 3272; x_wconf 78' lang='lat' dir='ltr'><strong>FatIma</strong></span> <span class='ocrx_word' id='word_1_123' title='bbox 483 3201 720 3272; x_wconf 84' lang='lat' dir='ltr'><strong>invitationem</strong></span> <span class='ocrx_word' id='word_1_124' title='bbox 735 3199 874 3283; x_wconf 84' lang='lat' dir='ltr'><strong>accepit,</strong></span> <span class='ocrx_word' id='word_1_125' title='bbox 886 3199 977 3282; x_wconf 90' lang='lat' dir='ltr'><strong>quod</strong></span> <span class='ocrx_word' id='word_1_126' title='bbox 990 3199 1111 3282; x_wconf 84' lang='lat' dir='ltr'><strong>utique</strong></span> <span class='ocrx_word' id='word_1_127' title='bbox 1122 3205 1260 3282; x_wconf 90' lang='lat' dir='ltr'><strong>tempus</strong></span> <span class='ocrx_word' id='word_1_128' title='bbox 1273 3221 1348 3282; x_wconf 94' lang='lat' dir='ltr'><strong>pre-</strong></span> 
     </span>
     <span class='ocr_line' id='line_1_20' title="bbox 342 3317 1346 3400; baseline -0.003 -10"><span class='ocrx_word' id='word_1_129' title='bbox 342 3342 422 3391; x_wconf 92' lang='lat' dir='ltr'><strong>cum</strong></span> <span class='ocrx_word' id='word_1_130' title='bbox 436 3318 595 3390; x_wconf 88' lang='lat' dir='ltr'><strong>instabat.</strong></span> <span class='ocrx_word' id='word_1_131' title='bbox 618 3318 790 3389; x_wconf 85' lang='lat' dir='ltr'><strong>Prandere</strong></span> <span class='ocrx_word' id='word_1_132' title='bbox 815 3339 894 3387; x_wconf 91' lang='lat' dir='ltr'><strong>cum</strong></span> <span class='ocrx_word' id='word_1_133' title='bbox 921 3317 1029 3400; x_wconf 83' lang='lat' dir='ltr'><strong>Regia</strong></span> <span class='ocrx_word' id='word_1_134' title='bbox 1053 3317 1138 3386; x_wconf 83' lang='lat' dir='ltr'><strong>Filia</strong></span> <span class='ocrx_word' id='word_1_135' title='bbox 1164 3317 1346 3400; x_wconf 88' lang='lat' dir='ltr'><strong>recusavit,</strong></span> 
     </span>
     <span class='ocr_line' id='line_1_21' title="bbox 341 3433 1345 3520; baseline -0.003 -13"><span class='ocrx_word' id='word_1_136' title='bbox 341 3436 434 3520; x_wconf 83' lang='lat' dir='ltr'><strong>quod</strong></span> <span class='ocrx_word' id='word_1_137' title='bbox 448 3436 520 3520; x_wconf 87' lang='lat' dir='ltr'><strong>ipse</strong></span> <span class='ocrx_word' id='word_1_138' title='bbox 534 3436 605 3506; x_wconf 91' lang='lat' dir='ltr'><strong>solo</strong></span> <span class='ocrx_word' id='word_1_139' title='bbox 620 3457 718 3518; x_wconf 88' lang='lat' dir='ltr'><strong>pane,</strong></span> <span class='ocrx_word' id='word_1_140' title='bbox 732 3435 918 3518; x_wconf 85' lang='lat' dir='ltr'><strong>paucisque</strong></span> <span class='ocrx_word' id='word_1_141' title='bbox 932 3433 1105 3504; x_wconf 83' lang='lat' dir='ltr'><strong>fructibus</strong></span> <span class='ocrx_word' id='word_1_142' title='bbox 1128 3441 1345 3517; x_wconf 86' lang='lat' dir='ltr'><strong>vesceretur;</strong></span> 
     </span>
    </p>
   </div>
   <div class='ocr_carea' id='block_1_3' title="bbox 340 3669 1349 4343">
    <p class='ocr_par' dir='ltr' id='par_1_5' title="bbox 340 3669 1349 4207">
     <span class='ocr_line' id='line_1_22' title="bbox 442 3669 1346 3735; baseline 0.003 -14"><span class='ocrx_word' id='word_1_143' title='bbox 442 3671 467 3724; x_wconf 78' lang='grc'>1.</span> <span class='ocrx_word' id='word_1_144' title='bbox 486 3670 626 3732; x_wconf 69' lang='lat' dir='ltr'><strong>comeo,</strong></span> <span class='ocrx_word' id='word_1_145' title='bbox 644 3685 690 3733; x_wconf 75' lang='grc' dir='ltr'><strong>-ω,</strong></span> <span class='ocrx_word' id='word_1_146' title='bbox 707 3675 750 3722; x_wconf 84' lang='lat' dir='ltr'><strong>est</strong></span> <span class='ocrx_word' id='word_1_147' title='bbox 762 3670 941 3722; x_wconf 80' lang='lat' dir='ltr'><strong>carbonatum</strong></span> <span class='ocrx_word' id='word_1_148' title='bbox 954 3669 1104 3734; x_wconf 86' lang='lat' dir='ltr'><strong>plumbum,</strong></span> <span class='ocrx_word' id='word_1_149' title='bbox 1117 3676 1160 3723; x_wconf 84' lang='lat' dir='ltr'><strong>est</strong></span> <span class='ocrx_word' id='word_1_150' title='bbox 1173 3669 1346 3735; x_wconf 81' lang='lat' dir='ltr'><strong>pigmentum</strong></span> 
     </span>
     <span class='ocr_line' id='line_1_23' title="bbox 340 3735 1347 3822; baseline -0.002 -29"><span class='ocrx_word' id='word_1_151' title='bbox 340 3740 442 3822; x_wconf 80' lang='lat' dir='ltr'><strong>album,</strong></span> <span class='ocrx_word' id='word_1_152' title='bbox 453 3754 507 3820; x_wconf 64' lang='lat' dir='ltr'><strong>guo</strong></span> <span class='ocrx_word' id='word_1_153' title='bbox 518 3737 687 3791; x_wconf 74' lang='lat' dir='ltr'><strong>muliercula</strong></span> <span class='ocrx_word' id='word_1_154' title='bbox 699 3738 807 3790; x_wconf 87' lang='lat' dir='ltr'><strong>vultum</strong></span> <span class='ocrx_word' id='word_1_155' title='bbox 819 3737 911 3790; x_wconf 82' lang='lat' dir='ltr'><strong>solent</strong></span> <span class='ocrx_word' id='word_1_156' title='bbox 927 3735 1030 3796; x_wconf 60' lang='lat' dir='ltr'><strong>fucare</strong></span> <span class='ocrx_word' id='word_1_157' title='bbox 1039 3737 1169 3790; x_wconf 80' lang='lat' dir='ltr'><strong>Romanis</strong></span> <span class='ocrx_word' id='word_1_158' title='bbox 1187 3737 1347 3791; x_wconf 88' lang='lat' dir='ltr'><strong>mulieribus</strong></span> 
     </span>
     <span class='ocr_line' id='line_1_24' title="bbox 346 3813 1348 3952; baseline -0.002 -25"><span class='ocrx_word' id='word_1_159' title='bbox 346 3813 632 3939; x_wconf 49' lang='lat' dir='ltr'><strong>fflmffiusmpbo,</strong></span> <span class='ocrx_word' id='word_1_160' title='bbox 654 3885 698 3952; x_wconf 52' lang='lat' dir='ltr'><strong>a,</strong></span> <span class='ocrx_word' id='word_1_161' title='bbox 724 3887 757 3924; x_wconf 84' lang='lat' dir='ltr'><strong>ex</strong></span> <span class='ocrx_word' id='word_1_162' title='bbox 782 3871 876 3950; x_wconf 67' lang='lat' dir='ltr'><strong>Graeco</strong></span> <span class='ocrx_word' id='word_1_163' title='bbox 900 3867 1044 3950; x_wconf 70' lang='lat' dir='ltr'><strong>nympha,</strong></span> <span class='ocrx_word' id='word_1_164' title='bbox 1075 3870 1217 3950; x_wconf 71' lang='lat' dir='ltr'><strong>significat</strong></span> <span class='ocrx_word' id='word_1_165' title='bbox 1239 3871 1348 3937; x_wconf 86' lang='lat' dir='ltr'><strong>proprie</strong></span> 
     </span>
     <span class='ocr_line' id='line_1_25' title="bbox 343 3937 1347 4008; baseline -0.002 -14"><span class='ocrx_word' id='word_1_166' title='bbox 343 3955 442 4008; x_wconf 80' lang='lat' dir='ltr'><strong>aquam</strong></span> <span class='ocrx_word' id='word_1_167' title='bbox 456 3955 551 4008; x_wconf 84' lang='lat' dir='ltr'><strong>puram</strong></span> <span class='ocrx_word' id='word_1_168' title='bbox 564 3945 592 3992; x_wconf 86' lang='lat' dir='ltr'><strong>et</strong></span> <span class='ocrx_word' id='word_1_169' title='bbox 604 3939 746 4004; x_wconf 78' lang='lat' dir='ltr'><strong>limpidam</strong></span> <span class='ocrx_word' id='word_1_170' title='bbox 763 3939 886 3990; x_wconf 78' lang='lat' dir='ltr'><strong>fontium</strong></span> <span class='ocrx_word' id='word_1_171' title='bbox 898 3953 929 3990; x_wconf 85' lang='lat' dir='ltr'><strong>ac</strong></span> <span class='ocrx_word' id='word_1_172' title='bbox 943 3937 1103 3998; x_wconf 77' lang='lat' dir='ltr'><strong>rivulorum:</strong></span> <span class='ocrx_word' id='word_1_173' title='bbox 1128 3938 1175 3990; x_wconf 85' lang='lat' dir='ltr'><strong>sed</strong></span> <span class='ocrx_word' id='word_1_174' title='bbox 1198 3953 1228 3989; x_wconf 90' lang='lat' dir='ltr'><strong>m</strong></span> <span class='ocrx_word' id='word_1_175' title='bbox 1255 3939 1347 3992; x_wconf 86' lang='lat' dir='ltr'><strong>latiori</strong></span> 
     </span>
     <span class='ocr_line' id='line_1_26' title="bbox 341 4004 1348 4070; baseline -0.002 -8"><span class='ocrx_word' id='word_1_176' title='bbox 341 4024 434 4068; x_wconf 76' lang='lat' dir='ltr'><strong>sensu,</strong></span> <span class='ocrx_word' id='word_1_177' title='bbox 446 4008 546 4061; x_wconf 88' lang='lat' dir='ltr'><strong>medici</strong></span> <span class='ocrx_word' id='word_1_178' title='bbox 559 4007 692 4060; x_wconf 85' lang='lat' dir='ltr'><strong>adhibent</strong></span> <span class='ocrx_word' id='word_1_179' title='bbox 704 4006 737 4058; x_wconf 89' lang='lat' dir='ltr'><strong>de</strong></span> <span class='ocrx_word' id='word_1_180' title='bbox 750 4005 874 4069; x_wconf 83' lang='lat' dir='ltr'><strong>qualibet</strong></span> <span class='ocrx_word' id='word_1_181' title='bbox 892 4004 997 4070; x_wconf 81' lang='lat' dir='ltr'><strong>liquida</strong></span> <span class='ocrx_word' id='word_1_182' title='bbox 1018 4005 1206 4060; x_wconf 86' lang='lat' dir='ltr'><strong>concoctione.</strong></span> <span class='ocrx_word' id='word_1_183' title='bbox 1228 4007 1302 4068; x_wconf 85' lang='lat' dir='ltr'><strong>quod</strong></span> <span class='ocrx_word' id='word_1_184' title='bbox 1320 4012 1348 4060; x_wconf 88' lang='lat' dir='ltr'><strong>et</strong></span> 
     </span>
     <span class='ocr_line' id='line_1_27' title="bbox 343 4071 1349 4136; baseline -0.003 -7"><span class='ocrx_word' id='word_1_185' title='bbox 343 4074 474 4129; x_wconf 82' lang='lat' dir='ltr'><strong>Romanis</strong></span> <span class='ocrx_word' id='word_1_186' title='bbox 486 4075 600 4128; x_wconf 83' lang='lat' dir='ltr'><strong>medicis</strong></span> <span class='ocrx_word' id='word_1_187' title='bbox 612 4087 713 4136; x_wconf 84' lang='lat' dir='ltr'><strong>uquam</strong></span> <span class='ocrx_word' id='word_1_188' title='bbox 725 4072 923 4125; x_wconf 79' lang='lat' dir='ltr'><strong>subcutaneam</strong></span> <span class='ocrx_word' id='word_1_189' title='bbox 946 4071 975 4123; x_wconf 91' lang='lat' dir='ltr'><strong>in</strong></span> <span class='ocrx_word' id='word_1_190' title='bbox 997 4071 1156 4124; x_wconf 86' lang='lat' dir='ltr'><strong>hominibus</strong></span> <span class='ocrx_word' id='word_1_191' title='bbox 1175 4078 1204 4126; x_wconf 86' lang='lat' dir='ltr'><strong>et</strong></span> <span class='ocrx_word' id='word_1_192' title='bbox 1224 4073 1349 4126; x_wconf 80' lang='lat' dir='ltr'><strong>animali·</strong></span> 
     </span>
     <span class='ocr_line' id='line_1_28' title="bbox 343 4141 693 4207; baseline -0.011 -11"><span class='ocrx_word' id='word_1_193' title='bbox 343 4143 396 4196; x_wconf 85' lang='lat' dir='ltr'><strong>bus</strong></span> <span class='ocrx_word' id='word_1_194' title='bbox 406 4141 565 4207; x_wconf 80' lang='lat' dir='ltr'><strong>significare</strong></span> <span class='ocrx_word' id='word_1_195' title='bbox 578 4141 693 4194; x_wconf 82' lang='lat' dir='ltr'><strong>solebat.</strong></span> 
     </span>
    </p>

    <p class='ocr_par' dir='ltr' id='par_1_6' title="bbox 343 4204 1349 4343">
     <span class='ocr_line' id='line_1_29' title="bbox 443 4204 1349 4276; baseline -0.004 -13"><span class='ocrx_word' id='word_1_196' title='bbox 443 4211 468 4262; x_wconf 86' lang='lat'><strong>9.</strong></span> <span class='ocrx_word' id='word_1_197' title='bbox 488 4206 749 4276; x_wconf 77' lang='lat' dir='ltr'><strong>Capillamentum,</strong></span> <span class='ocrx_word' id='word_1_198' title='bbox 765 4205 796 4268; x_wconf 83' lang='grc'>-1,</span> <span class='ocrx_word' id='word_1_199' title='bbox 813 4210 879 4258; x_wconf 83' lang='lat' dir='ltr'><strong>sunt</strong></span> <span class='ocrx_word' id='word_1_200' title='bbox 890 4204 991 4270; x_wconf 80' lang='lat' dir='ltr'><strong>capilli,</strong></span> <span class='ocrx_word' id='word_1_201' title='bbox 1004 4205 1063 4257; x_wconf 84' lang='lat' dir='ltr'><strong>sive</strong></span> <span class='ocrx_word' id='word_1_202' title='bbox 1075 4205 1164 4258; x_wconf 76' lang='lat' dir='ltr'><strong>crinea</strong></span> <span class='ocrx_word' id='word_1_203' title='bbox 1183 4207 1258 4267; x_wconf 78' lang='lat' dir='ltr'><strong>falsi,</strong></span> <span class='ocrx_word' id='word_1_204' title='bbox 1270 4222 1349 4259; x_wconf 80' lang='lat' dir='ltr'><strong>coma</strong></span> 
     </span>
     <span class='ocr_line' id='line_1_30' title="bbox 343 4271 1291 4343; baseline -0.004 -14"><span class='ocrx_word' id='word_1_205' title='bbox 343 4275 506 4338; x_wconf 81' lang='lat' dir='ltr'><strong>adulterina,</strong></span> <span class='ocrx_word' id='word_1_206' title='bbox 520 4277 613 4343; x_wconf 79' lang='lat' dir='ltr'><strong>quales</strong></span> <span class='ocrx_word' id='word_1_207' title='bbox 624 4279 730 4328; x_wconf 82' lang='lat' dir='ltr'><strong>actores</strong></span> <span class='ocrx_word' id='word_1_208' title='bbox 741 4271 861 4332; x_wconf 85' lang='lat' dir='ltr'><strong>scoenici,</strong></span> <span class='ocrx_word' id='word_1_209' title='bbox 872 4277 956 4338; x_wconf 83' lang='lat' dir='ltr'><strong>atque</strong></span> <span class='ocrx_word' id='word_1_210' title='bbox 966 4271 1077 4337; x_wconf 91' lang='lat' dir='ltr'><strong>plurimi</strong></span> <span class='ocrx_word' id='word_1_211' title='bbox 1089 4273 1160 4325; x_wconf 80' lang='lat' dir='ltr'><strong>calvi</strong></span> <span class='ocrx_word' id='word_1_212' title='bbox 1171 4279 1291 4340; x_wconf 78' lang='lat' dir='ltr'><strong>gestant.</strong></span> 
     </span>
    </p>
   </div>
   <div class='ocr_carea' id='block_1_4' title="bbox 0 0 1766 5156">
    <p class='ocr_par' dir='ltr' id='par_1_7' title="bbox 0 0 1766 5156">
     <span class='ocr_line' id='line_1_31' title="bbox 0 0 1766 5156; baseline 0 0"><span class='ocrx_word' id='word_1_213' title='bbox 0 0 1766 5156; x_wconf 95' lang='lat' dir='ltr'><strong> </strong></span> 
     </span>
    </p>
   </div>
  </div>
 </body>
</html>
