3540 5156
458 983 521 1052 186
793 995 899 1049 anon
920 993 965 1047 m
986 994 1123 1048 esrcnu

456 1165 609 1236 Deam¹¹¹
621 1186 765 1248 eamque
774 1165 914 1234 voculas
922 1163 1133 1234 omnimodas
1141 1165 1286 1234 edocens
1295 1163 1455 1234 recinere.

454 1282 611 1353 Proxime
620 1281 728 1365 ripam
737 1302 827 1364 vago
835 1287 938 1364 pastu
946 1280 1130 1351 lasciviunt
1138 1302 1270 1351 comam
1277 1279 1374 1350 fluvii
1382 1286 1457 1350 ton·

454 1399 576 1469 dentes
591 1399 740 1477 capellae.
763 1397 925 1468 Hircosus
940 1399 1032 1468 Deus
1048 1398 1198 1468 sauciam
1215 1397 1390 1480 Psychem,
1405 1405 1456 1466 at-

453 1537 521 1599 que
529 1515 710 1598 defectam,
717 1523 894 1598 utcunque
902 1517 1001 1585 cassis
1009 1515 1082 1585 eius
1090 1538 1158 1585 non
1167 1515 1302 1598 inscius,
1312 1516 1456 1584 clemen-

453 1638 508 1702 ter
522 1632 566 1703 ad
581 1654 617 1702 se
630 1639 800 1714 vocatam,
815 1632 862 1702 sic
885 1633 1075 1715 permulcet
1095 1631 1210 1702 verbis
1230 1631 1454 1703 lenientibus:

536 1747 684 1831 “Puella,
700 1749 831 1831 scitula,
843 1770 920 1819 sum
931 1748 1068 1832 quidem
1083 1750 1288 1833 rusticanus,
1303 1758 1340 1820 et
1354 1751 1455 1834 opilio

453 1865 513 1936 sed
528 1866 715 1936 senectutis
729 1866 869 1950 prolixae
883 1866 1047 1936 beneficio
1073 1867 1192 1936 multis
1214 1868 1457 1951 experimentis

451 1982 650 2053 instructus.
673 1985 813 2066 Verum,
828 1983 856 2052 si
871 1990 963 2053 recte
984 1985 1146 2066 coniecto,
1172 1985 1264 2068 quod
1288 1986 1454 2069 profecto,

451 2099 638 2183 prudentes
653 2101 719 2170 viri
733 2100 979 2170 divinationem
994 2108 1189 2185 autumant,
1210 2101 1254 2172 ab
1278 2102 1345 2173 isto
1370 2103 1452 2173 titu-

452 2216 557 2287 bante
573 2225 609 2287 et
624 2218 751 2300 saepius
765 2218 946 2289 vacillante
959 2219 1116 2302 vestigio,
1137 2220 1251 2304 deque
1265 2221 1369 2290 nimio
1384 2223 1454 2304 pal·

451 2335 522 2404 lore
547 2337 705 2419 corporis,
731 2343 766 2405 et
790 2336 926 2406 assiduo
952 2337 1127 2420 suspiritu,
1142 2337 1210 2408 imo
1226 2344 1261 2408 et
1276 2338 1357 2422 ipsis
1371 2361 1454 2408 moe-

452 2451 608 2523 rentibus
622 2453 728 2523 oculis
743 2453 824 2534 tuis,
840 2474 955 2523 amore
969 2454 1073 2523 nimio
1087 2455 1230 2525 laboras.
1254 2455 1347 2539 Ergo
1371 2456 1453 2526 mihi

452 2570 617 2652 ausculta,
632 2591 695 2640 nec
710 2577 746 2639 te
761 2592 882 2640 rursus
896 2571 1092 2654 praecipitio,
1108 2573 1164 2642 vel
1178 2573 1248 2642 ullo
1264 2573 1383 2643 mortis
1398 2595 1453 2643 ac·

451 2686 574 2756 cersito
588 2708 714 2770 genere
731 2687 887 2770 perimas.
908 2688 1057 2759 Luctum
1077 2689 1204 2772 desine,
1219 2697 1255 2760 et
1269 2712 1357 2773 pone
1372 2711 1454 2760 moe

452 2825 574 2886 rorem,
589 2804 816 2889 precibusque
837 2806 952 2889 potius
974 2806 1186 2891 Cupidinem,
1209 2809 1359 2878 Deorum
1384 2831 1454 2878 ma·

450 2921 582 2990 nimum
608 2923 757 3004 percole;
780 2931 826 3005 et,
849 2930 971 3006 utpote
995 2925 1243 2996 adolescentem
1269 2926 1451 2998 delicatum

450 3038 733 3122 luxuriosumque
748 3038 882 3111 blandis
896 3040 1068 3125 obsequiis
1081 3046 1306 3126 promerere.'’

534 3155 587 3226 Sic
600 3156 715 3227 locuto
731 3159 803 3228 Deo
818 3167 964 3242 pastore,
978 3161 1140 3244 nulloque
1161 3183 1317 3232 sermone
1343 3165 1452 3234 reddi-

450 3281 497 3356 to,
513 3272 573 3343 sed
587 3273 728 3344 adorato
743 3282 882 3345 tantum
896 3277 1046 3347 Numine
1062 3280 1214 3363 salutari,
1229 3280 1360 3364 Psyche
1376 3303 1452 3365 per-

451 3390 504 3472 git
518 3391 576 3460 ire.
593 3391 660 3462 Sed
675 3400 860 3476 antequam
876 3394 1025 3464 multum
1040 3395 1108 3466 viae
1123 3397 1291 3467 laboranti
1306 3399 1454 3482 vestigio

450 3517 669 3592 pererrasset,
696 3509 799 3580 inscio
829 3511 977 3593 quodam
999 3513 1136 3583 tramite
1164 3515 1233 3584 iam
1263 3515 1452 3602 delabente,

449 3625 580 3694 accedit
595 3626 781 3708 quamdam
802 3628 987 3714 civitatem,
1002 3631 1038 3700 in
1053 3653 1122 3714 qua
1136 3653 1283 3716 regnum
1308 3635 1453 3706 maritus

449 3741 553 3813 unius
568 3744 692 3814 sororis
706 3744 780 3814 eius
800 3744 985 3817 obtinebat.
1009 3751 1085 3829 Qua
1098 3771 1135 3819 re
1150 3751 1296 3834 cognita,
1320 3752 1452 3835 Psyche

551 3961 608 4013 111.
625 3961 708 4014 Nulla
720 3963 778 4015 Dea
791 3963 849 4016 eius
862 3965 988 4026 nominis,
1000 3967 1048 4018 sed
1069 3973 1164 4020 auctor
1185 3969 1282 4022 tibiam
1303 3969 1450 4036 significat,

450 4059 510 4110 quae
523 4059 556 4095 ex
569 4059 666 4106 canna,
685 4047 827 4108 nundine,
851 4049 968 4114 primum
994 4049 1053 4102 lieri
1077 4052 1189 4113 solebat,
1212 4068 1327 4119 quarum
1350 4057 1449 4121 plures,

449 4141 562 4193 quaeque
585 4127 672 4181 altera
699 4129 813 4193 brevior,
840 4147 961 4199 sonoque
973 4133 1007 4185 ob
1020 4133 1048 4186 id
1061 4136 1174 4198 acutior,
1200 4151 1348 4202 organum
1372 4139 1452 4192 effici·

449 4209 540 4270 ebant,
554 4225 608 4277 quo
622 4211 680 4263 Pan
695 4229 794 4266 canere
807 4216 957 4269 consuevit.
