3554 5156
739 993 820 1049 arm
841 993 976 1050 oroans
1289 979 1353 1052 115

433 1161 603 1234 Volabant
629 1169 749 1233 autem
775 1167 874 1233 tanta
902 1162 938 1232 in
967 1161 1158 1246 altitudine,
1180 1171 1222 1236 ut
1242 1165 1353 1249 prima

345 1281 448 1353 navis
462 1302 568 1365 quam
582 1286 830 1364 conspexerant
844 1280 938 1350 infra
951 1301 998 1364 se,
1013 1279 1129 1352 iulicae
1142 1282 1229 1354 albae
1239 1285 1295 1355 vel
1304 1284 1352 1356 la-

346 1401 379 1472 ri
403 1421 512 1485 aquas
537 1397 599 1468 alis
623 1397 794 1468 verrentia
818 1398 965 1482 speciem
993 1399 1171 1483 praeberet.
1193 1403 1287 1474 Pone
1315 1426 1352 1475 se

348 1519 441 1591 Elisa
455 1538 622 1602 magnum
635 1517 813 1588 cumulum
833 1515 989 1598 nubium,
1014 1524 1192 1600 tamquam
1215 1521 1351 1607 montis,

344 1637 385 1708 in
400 1657 441 1707 eo
454 1641 573 1706 autem
587 1632 769 1718 proprm
784 1639 822 1704 et
835 1632 993 1704 undecim
1007 1635 1139 1706 olorum
1153 1637 1294 1710 umbras
1303 1640 1353 1711 in·

343 1759 470 1839 gentes
484 1749 661 1834 conspexit
675 1750 842 1834 depictas3
863 1750 919 1820 hae
931 1750 1055 1835 figurae
1079 1756 1353 1838 prestantiorem

345 1871 535 1955 imaginem
550 1868 581 1939 ei
595 1866 805 1953 praebebant,
819 1889 924 1951 quam
934 1889 1088 1952 unquam
1097 1877 1200 1944 antea
1209 1873 1353 1947 viderat

345 1989 405 2061 Sol
419 1989 552 2059 interea
573 1985 677 2058 altius
699 1985 861 2069 ascendit,
886 1985 997 2056 nubes
1009 1986 1145 2071 longius
1160 1989 1277 2062 relicta
1290 1999 1354 2077 est,

345 2127 460 2192 quum
474 2104 578 2174 etiam
593 2103 766 2174 fluctuans
785 2109 822 2173 et
844 2102 1036 2174 umbratilis
1056 2104 1170 2190 imago
1193 2107 1354 2194 absorpta

346 2231 414 2296 est.

433 2339 563 2410 Totum
577 2337 667 2410 diem
681 2336 811 2422 volatu,
826 2344 1002 2421 tamquam
1027 2337 1193 2412 sibilantis
1206 2343 1352 2430 sagittae,

345 2459 586 2544 expleverunt,
599 2461 636 2526 et
650 2461 767 2525 tamen
780 2454 878 2524 solito
898 2454 1024 2526 lentius
1039 2491 1081 2502 -
1094 2477 1244 2529 sororem
1259 2460 1352 2532 enim

345 2577 476 2648 vehere
505 2573 685 2645 debebant.
716 2607 758 2620 ·-
782 2572 879 2643 Circa
903 2573 1141 2656 crepusculum
1167 2581 1353 2660 tempestas

345 2692 430 2766 oriri
443 2684 636 2764 videbatur.
659 2689 751 2760 Elisa
771 2689 876 2760 solem
899 2687 943 2758 ad
968 2711 1126 2760 occasum
1150 2700 1353 2776 vergentem

345 2832 418 2882 non
443 2810 516 2881 sine
540 2806 765 2880 sollicitudine
779 2805 994 2889 observabat,
1020 2828 1083 2878 nec
1108 2815 1226 2880 tamen
1250 2833 1353 2896 rupes

344 2927 497 3000 solitaria
510 2926 547 2996 in
560 2932 746 3008 conspectu
761 2930 845 2994 erat.
875 2923 989 2994 Etiam
1012 2925 1255 2998 animadvertit
1276 2929 1352 3000 Olo-

344 3067 404 3116 res
418 3044 482 3116 alis
495 3043 567 3115 suis
586 3063 701 3113 aerem
716 3041 753 3111 vi
767 3040 913 3111 adaucta
935 3041 1127 3113 verberare.
1149 3043 1267 3115 Eheu!
1287 3045 1353 3117 nisi

344 3163 476 3234 matres
489 3159 543 3231 sui
557 3165 648 3231 stato
658 3166 812 3242 tempore
826 3159 862 3228 in
876 3159 1013 3243 scopulo
1033 3159 1279 3246 pervenissent,
1290 3167 1354 3236 sud

344 3279 450 3364 culpo
476 3276 512 3348 id
541 3275 656 3347 fieret!
692 3273 768 3347 Sole
800 3275 975 3347 occidente
1003 3276 1027 3346 ii
1042 3275 1093 3360 lin
1114 3277 1264 3349 forrnam
1289 3279 1353 3351 hu·

345 3418 488 3468 manam
502 3393 654 3466 redirent
661 3415 670 3477 ;
692 3392 814 3477 quodsi
834 3392 943 3476 fieret,
966 3400 1152 3477 antequam
1175 3397 1353 3480 scopulum

343 3513 554 3600 attigissent,
568 3512 605 3582 in
618 3532 714 3582 mare
724 3509 929 3594 deciderent,
940 3510 1111 3594 undisque
1121 3511 1351 3586 haurirentur.

347 3631 513 3704 Precibus
526 3631 638 3701 Deum
661 3628 896 3700 ardentissime
921 3628 1103 3700 invocabat
1127 3665 1170 3676 -
1193 3637 1229 3700 et
1250 3653 1354 3716 rupes

345 3748 498 3820 necdum
522 3747 587 3818 sub
612 3747 719 3818 oculis
743 3753 835 3830 erat;
857 3753 944 3816 atrae
967 3745 1079 3818 nubes
1103 3748 1352 3834 appropinqua-

346 3867 434 3938 bant
448 3901 490 3912 ·-
504 3871 688 3936 ventorum
703 3863 889 3935 crebriores
903 3863 1050 3948 impetus
1064 3863 1253 3935 adventum
1267 3873 1354 3939 tern-

346 3981 493 4068 pestatis
515 3980 713 4052 indicabant
737 4015 779 4028 -
803 3979 914 4050 nubes
938 3979 1072 4064 ingenti
1094 3981 1229 4064 turgori
1249 3983 1354 4055 maris

343 4099 603 4183 incumbebant,
619 4099 678 4182 qui
703 4097 900 4169 vehementi
916 4097 952 4168 vi
966 4119 1124 4181 prorsum
1147 4099 1354 4172 volvebatur

345 4252 392 4268 -
401 4218 583 4302 fulgurum
599 4239 709 4288 unum
722 4218 870 4287 alterum
884 4215 1101 4299 sequebatur.
