<?xml version="1.0" encoding="UTF-8"?>
<!DOCTYPE html PUBLIC "-//W3C//DTD XHTML 1.0 Transitional//EN"
    "http://www.w3.org/TR/xhtml1/DTD/xhtml1-transitional.dtd">
<html xmlns="http://www.w3.org/1999/xhtml" xml:lang="en" lang="en">
 <head>
  <title>
</title>
<meta http-equiv="Content-Type" content="text/html;charset=utf-8" />
  <meta name='ocr-system' content='tesseract 3.04.00' />
  <meta name='ocr-capabilities' content='ocr_page ocr_carea ocr_par ocr_line ocrx_word'/>
</head>
<body>
  <div class='ocr_page' id='page_1' title='image "./fabuldivalesexn00apulgoog_0017.png"; bbox 0 0 3522 5156; ppageno 0'>
   <div class='ocr_carea' id='block_1_1' title="bbox 421 989 1106 1060">
    <p class='ocr_par' dir='ltr' id='par_1_1' title="bbox 421 989 1106 1060">
     <span class='ocr_line' id='line_1_1' title="bbox 421 989 1106 1060; baseline -0.003 -1"><span class='ocrx_word' id='word_1_1' title='bbox 421 989 443 1059; x_wconf 81' lang='lat'><strong>6</strong></span> <span class='ocrx_word' id='word_1_2' title='bbox 735 1003 905 1060; x_wconf 75' lang='lat' dir='ltr'>tuoruum</span> <span class='ocrx_word' id='word_1_3' title='bbox 930 1003 1106 1058; x_wconf 67' lang='lat' dir='ltr'>ernamur</span> 
     </span>
    </p>
   </div>
   <div class='ocr_carea' id='block_1_2' title="bbox 421 1169 1425 1372">
    <p class='ocr_par' dir='ltr' id='par_1_2' title="bbox 421 1169 1425 1372">
     <span class='ocr_line' id='line_1_2' title="bbox 421 1169 1425 1254; baseline 0.001 -13"><span class='ocrx_word' id='word_1_4' title='bbox 421 1169 509 1254; x_wconf 86' lang='lat' dir='ltr'>pide,</span> <span class='ocrx_word' id='word_1_5' title='bbox 525 1191 603 1241; x_wconf 84' lang='lat' dir='ltr'>ecce</span> <span class='ocrx_word' id='word_1_6' title='bbox 618 1171 745 1254; x_wconf 89' lang='lat' dir='ltr'>exigua</span> <span class='ocrx_word' id='word_1_7' title='bbox 759 1170 863 1242; x_wconf 91' lang='lat' dir='ltr'>ianua</span> <span class='ocrx_word' id='word_1_8' title='bbox 879 1169 943 1241; x_wconf 93' lang='lat' dir='ltr'>sub</span> <span class='ocrx_word' id='word_1_9' title='bbox 958 1171 1073 1241; x_wconf 90' lang='lat' dir='ltr'>oculos</span> <span class='ocrx_word' id='word_1_10' title='bbox 1088 1170 1219 1254; x_wconf 84' lang='lat' dir='ltr'>cecidit,</span> <span class='ocrx_word' id='word_1_11' title='bbox 1235 1171 1347 1242; x_wconf 90' lang='lat' dir='ltr'>tribus</span> <span class='ocrx_word' id='word_1_12' title='bbox 1362 1178 1425 1242; x_wconf 86' lang='lat' dir='ltr'>aut</span> 
     </span>
     <span class='ocr_line' id='line_1_3' title="bbox 423 1287 1307 1372; baseline 0.001 -13"><span class='ocrx_word' id='word_1_13' title='bbox 423 1295 574 1371; x_wconf 88' lang='lat' dir='ltr'>quatuor</span> <span class='ocrx_word' id='word_1_14' title='bbox 588 1287 754 1372; x_wconf 74' lang='lat' dir='ltr'>gradibus</span> <span class='ocrx_word' id='word_1_15' title='bbox 767 1289 812 1360; x_wconf 92' lang='lat' dir='ltr'>ad</span> <span class='ocrx_word' id='word_1_16' title='bbox 827 1310 903 1359; x_wconf 87' lang='lat' dir='ltr'>eam</span> <span class='ocrx_word' id='word_1_17' title='bbox 919 1288 1078 1359; x_wconf 91' lang='lat' dir='ltr'>deorsum</span> <span class='ocrx_word' id='word_1_18' title='bbox 1093 1288 1307 1360; x_wconf 83' lang='lat' dir='ltr'><strong>ducentibus.</strong></span> 
     </span>
    </p>
   </div>
   <div class='ocr_carea' id='block_1_3' title="bbox 420 1439 1425 1998">
    <p class='ocr_par' dir='ltr' id='par_1_3' title="bbox 420 1439 1425 1998">
     <span class='ocr_line' id='line_1_4' title="bbox 504 1439 1425 1525; baseline 0.002 -15"><span class='ocrx_word' id='word_1_19' title='bbox 504 1439 701 1512; x_wconf 89' lang='lat' dir='ltr'>“Desoeude</span> <span class='ocrx_word' id='word_1_20' title='bbox 715 1441 787 1524; x_wconf 87' lang='lat' dir='ltr'>eo‚”</span> <span class='ocrx_word' id='word_1_21' title='bbox 802 1440 944 1512; x_wconf 87' lang='lat' dir='ltr'>mandet</span> <span class='ocrx_word' id='word_1_22' title='bbox 965 1463 1100 1524; x_wconf 86' lang='lat' dir='ltr'>magus,</span> <span class='ocrx_word' id='word_1_23' title='bbox 1116 1439 1252 1524; x_wconf 87' lang='lat' dir='ltr'>“ibique</span> <span class='ocrx_word' id='word_1_24' title='bbox 1275 1442 1425 1525; x_wconf 81' lang='lat' dir='ltr'>reperies</span> 
     </span>
     <span class='ocr_line' id='line_1_5' title="bbox 421 1559 1425 1646; baseline 0.003 -18"><span class='ocrx_word' id='word_1_25' title='bbox 421 1565 492 1628; x_wconf 89' lang='lat' dir='ltr'>tres</span> <span class='ocrx_word' id='word_1_26' title='bbox 506 1559 604 1629; x_wconf 87' lang='lat' dir='ltr'>aulas</span> <span class='ocrx_word' id='word_1_27' title='bbox 618 1559 793 1644; x_wconf 79' lang='lat' dir='ltr'>spatiosas,</span> <span class='ocrx_word' id='word_1_28' title='bbox 810 1561 928 1643; x_wconf 88' lang='lat' dir='ltr'>plenas</span> <span class='ocrx_word' id='word_1_29' title='bbox 943 1560 1098 1642; x_wconf 90' lang='lat' dir='ltr'>ollarum,</span> <span class='ocrx_word' id='word_1_30' title='bbox 1110 1581 1195 1631; x_wconf 90' lang='lat' dir='ltr'>auro</span> <span class='ocrx_word' id='word_1_31' title='bbox 1210 1567 1425 1646; x_wconf 81' lang='lat' dir='ltr'>argentoque</span> 
     </span>
     <span class='ocr_line' id='line_1_6' title="bbox 420 1675 1423 1762; baseline 0.003 -16"><span class='ocrx_word' id='word_1_32' title='bbox 420 1675 659 1746; x_wconf 80' lang='lat' dir='ltr'>referctarum.</span> <span class='ocrx_word' id='word_1_33' title='bbox 677 1677 771 1747; x_wconf 93' lang='lat' dir='ltr'>Nihil</span> <span class='ocrx_word' id='word_1_34' title='bbox 784 1675 908 1747; x_wconf 90' lang='lat' dir='ltr'>horum</span> <span class='ocrx_word' id='word_1_35' title='bbox 922 1678 1172 1761; x_wconf 83' lang='lat' dir='ltr'>attrectaveris,</span> <span class='ocrx_word' id='word_1_36' title='bbox 1194 1677 1344 1762; x_wconf 87' lang='lat' dir='ltr'>alioquin</span> <span class='ocrx_word' id='word_1_37' title='bbox 1366 1701 1423 1749; x_wconf 86' lang='lat' dir='ltr'>ex-</span> 
     </span>
     <span class='ocr_line' id='line_1_7' title="bbox 420 1792 1422 1880; baseline 0.004 -17"><span class='ocrx_word' id='word_1_38' title='bbox 420 1795 549 1877; x_wconf 88' lang='lat' dir='ltr'>tempio</span> <span class='ocrx_word' id='word_1_39' title='bbox 563 1792 727 1877; x_wconf 88' lang='lat' dir='ltr'>morieris,</span> <span class='ocrx_word' id='word_1_40' title='bbox 742 1794 802 1865; x_wconf 91' lang='lat' dir='ltr'>sed</span> <span class='ocrx_word' id='word_1_41' title='bbox 817 1795 925 1866; x_wconf 69' lang='lat' dir='ltr'>mansi</span> <span class='ocrx_word' id='word_1_42' title='bbox 949 1795 993 1866; x_wconf 85' lang='lat' dir='ltr'>ad</span> <span class='ocrx_word' id='word_1_43' title='bbox 1015 1794 1168 1880; x_wconf 85' lang='lat' dir='ltr'>hortum,</span> <span class='ocrx_word' id='word_1_44' title='bbox 1193 1818 1282 1880; x_wconf 91' lang='lat' dir='ltr'>pone</span> <span class='ocrx_word' id='word_1_45' title='bbox 1306 1796 1422 1867; x_wconf 84' lang='lat' dir='ltr'>aulam</span> 
     </span>
     <span class='ocr_line' id='line_1_8' title="bbox 420 1910 1424 1998; baseline 0.002 -16"><span class='ocrx_word' id='word_1_46' title='bbox 420 1910 569 1994; x_wconf 83' lang='lat' dir='ltr'>tertiam,</span> <span class='ocrx_word' id='word_1_47' title='bbox 584 1910 814 1994; x_wconf 85' lang='lat' dir='ltr'>ascendesque</span> <span class='ocrx_word' id='word_1_48' title='bbox 839 1913 993 1996; x_wconf 91' lang='lat' dir='ltr'>quinque</span> <span class='ocrx_word' id='word_1_49' title='bbox 1019 1913 1150 1996; x_wconf 82' lang='lat' dir='ltr'>gradus</span> <span class='ocrx_word' id='word_1_50' title='bbox 1172 1914 1216 1984; x_wconf 93' lang='lat' dir='ltr'>ad</span> <span class='ocrx_word' id='word_1_51' title='bbox 1242 1913 1424 1998; x_wconf 79' lang='lat' dir='ltr'>fastigium</span> 
     </span>
    </p>
   </div>
   <div class='ocr_carea' id='block_1_4' title="bbox 420 2028 1424 2455">
    <p class='ocr_par' dir='ltr' id='par_1_4' title="bbox 420 2028 1424 2455">
     <span class='ocr_line' id='line_1_9' title="bbox 421 2028 1424 2112; baseline 0.003 -13"><span class='ocrx_word' id='word_1_52' title='bbox 421 2028 594 2100; x_wconf 85' lang='lat' dir='ltr'>ducentes.</span> <span class='ocrx_word' id='word_1_53' title='bbox 610 2030 691 2112; x_wconf 82' lang='lat' dir='ltr'>illic,</span> <span class='ocrx_word' id='word_1_54' title='bbox 704 2029 740 2099; x_wconf 92' lang='lat' dir='ltr'>in</span> <span class='ocrx_word' id='word_1_55' title='bbox 755 2037 930 2112; x_wconf 84' lang='lat' dir='ltr'>cavatum,</span> <span class='ocrx_word' id='word_1_56' title='bbox 946 2031 1101 2102; x_wconf 86' lang='lat' dir='ltr'>invenies</span> <span class='ocrx_word' id='word_1_57' title='bbox 1117 2034 1292 2103; x_wconf 86' lang='lat' dir='ltr'>lucernam</span> <span class='ocrx_word' id='word_1_58' title='bbox 1303 2032 1424 2104; x_wconf 92' lang='lat' dir='ltr'>arden·</span> 
     </span>
     <span class='ocr_line' id='line_1_10' title="bbox 420 2146 1423 2233; baseline 0.002 -15"><span class='ocrx_word' id='word_1_59' title='bbox 420 2154 501 2218; x_wconf 89' lang='lat' dir='ltr'>tem.</span> <span class='ocrx_word' id='word_1_60' title='bbox 517 2147 706 2231; x_wconf 90' lang='lat' dir='ltr'>Restingue</span> <span class='ocrx_word' id='word_1_61' title='bbox 721 2146 766 2218; x_wconf 91' lang='lat' dir='ltr'>sis</span> <span class='ocrx_word' id='word_1_62' title='bbox 780 2169 866 2230; x_wconf 89' lang='lat' dir='ltr'>eam,</span> <span class='ocrx_word' id='word_1_63' title='bbox 882 2147 1035 2233; x_wconf 88' lang='lat' dir='ltr'>mihique</span> <span class='ocrx_word' id='word_1_64' title='bbox 1050 2149 1147 2220; x_wconf 82' lang='lat' dir='ltr'>affer.</span> <span class='ocrx_word' id='word_1_65' title='bbox 1163 2150 1297 2221; x_wconf 91' lang='lat' dir='ltr'>Licebit</span> <span class='ocrx_word' id='word_1_66' title='bbox 1310 2148 1372 2221; x_wconf 94' lang='lat' dir='ltr'>tibi</span> <span class='ocrx_word' id='word_1_67' title='bbox 1385 2149 1423 2220; x_wconf 87' lang='lat' dir='ltr'>in</span> 
     </span>
     <span class='ocr_line' id='line_1_11' title="bbox 420 2264 1420 2350; baseline 0.006 -15"><span class='ocrx_word' id='word_1_68' title='bbox 420 2264 521 2336; x_wconf 89' lang='lat' dir='ltr'>horto</span> <span class='ocrx_word' id='word_1_69' title='bbox 534 2265 673 2336; x_wconf 80' lang='lat' dir='ltr'>fructus</span> <span class='ocrx_word' id='word_1_70' title='bbox 684 2268 809 2350; x_wconf 86' lang='lat' dir='ltr'>legere,</span> <span class='ocrx_word' id='word_1_71' title='bbox 825 2266 852 2337; x_wconf 88' lang='lat' dir='ltr'>si</span> <span class='ocrx_word' id='word_1_72' title='bbox 867 2266 962 2350; x_wconf 89' lang='lat' dir='ltr'>velis,</span> <span class='ocrx_word' id='word_1_73' title='bbox 988 2267 1048 2338; x_wconf 87' lang='lat' dir='ltr'>sed</span> <span class='ocrx_word' id='word_1_74' title='bbox 1076 2267 1159 2338; x_wconf 90' lang='lat' dir='ltr'>nihil</span> <span class='ocrx_word' id='word_1_75' title='bbox 1190 2269 1283 2341; x_wconf 88' lang='lat' dir='ltr'>aliud</span> <span class='ocrx_word' id='word_1_76' title='bbox 1309 2276 1420 2341; x_wconf 87' lang='lat' dir='ltr'>sustu-</span> 
     </span>
     <span class='ocr_line' id='line_1_12' title="bbox 422 2383 532 2455; baseline 0.009 -2"><span class='ocrx_word' id='word_1_77' title='bbox 422 2383 532 2455; x_wconf 86' lang='lat' dir='ltr'>ieris.”</span> 
     </span>
    </p>
   </div>
   <div class='ocr_carea' id='block_1_5' title="bbox 422 2517 1423 2710">
    <p class='ocr_par' dir='ltr' id='par_1_5' title="bbox 422 2517 1423 2710">
     <span class='ocr_line' id='line_1_13' title="bbox 503 2517 1423 2605; baseline 0.005 -17"><span class='ocrx_word' id='word_1_78' title='bbox 503 2517 565 2588; x_wconf 87' lang='lat' dir='ltr'>His</span> <span class='ocrx_word' id='word_1_79' title='bbox 580 2517 679 2589; x_wconf 90' lang='lat' dir='ltr'>dictis</span> <span class='ocrx_word' id='word_1_80' title='bbox 692 2517 861 2590; x_wconf 89' lang='lat' dir='ltr'>Aladdino</span> <span class='ocrx_word' id='word_1_81' title='bbox 877 2521 1044 2590; x_wconf 86' lang='lat' dir='ltr'>annulum</span> <span class='ocrx_word' id='word_1_82' title='bbox 1065 2521 1225 2605; x_wconf 74' lang='lat' dir='ltr'>praebuit,</span> <span class='ocrx_word' id='word_1_83' title='bbox 1242 2543 1348 2605; x_wconf 92' lang='lat' dir='ltr'>quem</span> <span class='ocrx_word' id='word_1_84' title='bbox 1369 2523 1423 2593; x_wconf 78' lang='lat' dir='ltr'>fa·</span> 
     </span>
     <span class='ocr_line' id='line_1_14' title="bbox 422 2635 1125 2710; baseline 0.006 -4"><span class='ocrx_word' id='word_1_85' title='bbox 422 2635 555 2706; x_wconf 90' lang='lat' dir='ltr'>scinum</span> <span class='ocrx_word' id='word_1_86' title='bbox 567 2642 688 2707; x_wconf 87' lang='lat' dir='ltr'>contra</span> <span class='ocrx_word' id='word_1_87' title='bbox 702 2637 817 2708; x_wconf 88' lang='lat' dir='ltr'>omnia</span> <span class='ocrx_word' id='word_1_88' title='bbox 832 2638 923 2708; x_wconf 86' lang='lat' dir='ltr'>mala</span> <span class='ocrx_word' id='word_1_89' title='bbox 938 2659 1013 2708; x_wconf 89' lang='lat' dir='ltr'>esse</span> <span class='ocrx_word' id='word_1_90' title='bbox 1029 2639 1125 2710; x_wconf 88' lang='lat' dir='ltr'>dixit.</span> 
     </span>
    </p>
   </div>
   <div class='ocr_carea' id='block_1_6' title="bbox 420 2769 1424 3210">
    <p class='ocr_par' dir='ltr' id='par_1_6' title="bbox 420 2769 1424 3210">
     <span class='ocr_line' id='line_1_15' title="bbox 503 2769 1424 2858; baseline 0.008 -19"><span class='ocrx_word' id='word_1_91' title='bbox 503 2769 694 2841; x_wconf 88' lang='lat' dir='ltr'>Aladdinus</span> <span class='ocrx_word' id='word_1_92' title='bbox 708 2770 815 2854; x_wconf 88' lang='lat' dir='ltr'>igitur</span> <span class='ocrx_word' id='word_1_93' title='bbox 829 2792 892 2854; x_wconf 91' lang='lat' dir='ltr'>per</span> <span class='ocrx_word' id='word_1_94' title='bbox 903 2772 1033 2856; x_wconf 88' lang='lat' dir='ltr'>gradus</span> <span class='ocrx_word' id='word_1_95' title='bbox 1049 2773 1201 2845; x_wconf 89' lang='lat' dir='ltr'>decurrit</span> <span class='ocrx_word' id='word_1_96' title='bbox 1229 2774 1265 2844; x_wconf 93' lang='lat' dir='ltr'>in</span> <span class='ocrx_word' id='word_1_97' title='bbox 1286 2795 1424 2858; x_wconf 88' lang='lat' dir='ltr'>cavum,</span> 
     </span>
     <span class='ocr_line' id='line_1_16' title="bbox 420 2887 1424 2972; baseline 0.005 -14"><span class='ocrx_word' id='word_1_98' title='bbox 420 2888 575 2972; x_wconf 81' lang='lat' dir='ltr'>facitque</span> <span class='ocrx_word' id='word_1_99' title='bbox 590 2887 726 2970; x_wconf 86' lang='lat' dir='ltr'>singula</span> <span class='ocrx_word' id='word_1_100' title='bbox 741 2909 820 2971; x_wconf 83' lang='lat' dir='ltr'>quae</span> <span class='ocrx_word' id='word_1_101' title='bbox 833 2909 958 2972; x_wconf 87' lang='lat' dir='ltr'>magus</span> <span class='ocrx_word' id='word_1_102' title='bbox 971 2889 1080 2961; x_wconf 89' lang='lat' dir='ltr'>iussit.</span> <span class='ocrx_word' id='word_1_103' title='bbox 1105 2889 1298 2962; x_wconf 90' lang='lat' dir='ltr'>Lucernam</span> <span class='ocrx_word' id='word_1_104' title='bbox 1325 2891 1424 2963; x_wconf 92' lang='lat' dir='ltr'>tollit.</span> 
     </span>
     <span class='ocr_line' id='line_1_17' title="bbox 421 3005 1424 3090; baseline 0.006 -14"><span class='ocrx_word' id='word_1_105' title='bbox 421 3005 707 3090; x_wconf 80' lang='lat' dir='ltr'>Quandoquidem</span> <span class='ocrx_word' id='word_1_106' title='bbox 721 3027 804 3078; x_wconf 91' lang='lat' dir='ltr'>vero</span> <span class='ocrx_word' id='word_1_107' title='bbox 818 3015 954 3078; x_wconf 87' lang='lat' dir='ltr'>cunctae</span> <span class='ocrx_word' id='word_1_108' title='bbox 966 3007 1107 3078; x_wconf 87' lang='lat' dir='ltr'>arbores</span> <span class='ocrx_word' id='word_1_109' title='bbox 1132 3009 1167 3078; x_wconf 91' lang='lat' dir='ltr'>in</span> <span class='ocrx_word' id='word_1_110' title='bbox 1190 3009 1291 3080; x_wconf 92' lang='lat' dir='ltr'>horto</span> <span class='ocrx_word' id='word_1_111' title='bbox 1311 3011 1424 3081; x_wconf 90' lang='lat' dir='ltr'>omnis</span> 
     </span>
     <span class='ocr_line' id='line_1_18' title="bbox 422 3123 1423 3210; baseline 0.003 -14"><span class='ocrx_word' id='word_1_112' title='bbox 422 3124 559 3210; x_wconf 90' lang='lat' dir='ltr'>generis</span> <span class='ocrx_word' id='word_1_113' title='bbox 571 3123 754 3195; x_wconf 83' lang='lat' dir='ltr'>fructuum</span> <span class='ocrx_word' id='word_1_114' title='bbox 782 3123 1030 3208; x_wconf 91' lang='lat' dir='ltr'>pellucidorum</span> <span class='ocrx_word' id='word_1_115' title='bbox 1057 3147 1097 3196; x_wconf 85' lang='lat' dir='ltr'>ac</span> <span class='ocrx_word' id='word_1_116' title='bbox 1121 3128 1311 3198; x_wconf 89' lang='lat' dir='ltr'>multorum</span> <span class='ocrx_word' id='word_1_117' title='bbox 1337 3128 1423 3200; x_wconf 91' lang='lat' dir='ltr'>colo-</span> 
     </span>
    </p>
   </div>
   <div class='ocr_carea' id='block_1_7' title="bbox 420 3242 1423 3428">
    <p class='ocr_par' dir='ltr' id='par_1_7' title="bbox 420 3242 1423 3428">
     <span class='ocr_line' id='line_1_19' title="bbox 422 3242 1423 3327; baseline 0.003 -11"><span class='ocrx_word' id='word_1_118' title='bbox 422 3267 500 3316; x_wconf 88' lang='lat' dir='ltr'>rum</span> <span class='ocrx_word' id='word_1_119' title='bbox 514 3252 672 3327; x_wconf 84' lang='lat' dir='ltr'>gravatae</span> <span class='ocrx_word' id='word_1_120' title='bbox 685 3250 795 3326; x_wconf 88' lang='lat' dir='ltr'>erant,</span> <span class='ocrx_word' id='word_1_121' title='bbox 816 3242 1006 3314; x_wconf 86' lang='lat' dir='ltr'>Aladdinus</span> <span class='ocrx_word' id='word_1_122' title='bbox 1034 3243 1148 3315; x_wconf 89' lang='lat' dir='ltr'>sinum</span> <span class='ocrx_word' id='word_1_123' title='bbox 1163 3244 1216 3316; x_wconf 91' lang='lat' dir='ltr'>sui</span> <span class='ocrx_word' id='word_1_124' title='bbox 1230 3245 1423 3318; x_wconf 89' lang='lat' dir='ltr'>indumenti</span> 
     </span>
     <span class='ocr_line' id='line_1_20' title="bbox 420 3342 1423 3428; baseline 0.004 -12"><span class='ocrx_word' id='word_1_125' title='bbox 420 3346 462 3416; x_wconf 81' lang='lat' dir='ltr'>iis</span> <span class='ocrx_word' id='word_1_126' title='bbox 476 3346 632 3428; x_wconf 79' lang='lat' dir='ltr'>complet</span> <span class='ocrx_word' id='word_1_127' title='bbox 654 3345 753 3415; x_wconf 85' lang='lat' dir='ltr'>Tunc</span> <span class='ocrx_word' id='word_1_128' title='bbox 767 3342 906 3428; x_wconf 91' lang='lat' dir='ltr'>quidem</span> <span class='ocrx_word' id='word_1_129' title='bbox 919 3344 953 3414; x_wconf 95' lang='lat' dir='ltr'>id</span> <span class='ocrx_word' id='word_1_130' title='bbox 968 3344 1151 3428; x_wconf 85' lang='lat' dir='ltr'>nesciebat,</span> <span class='ocrx_word' id='word_1_131' title='bbox 1165 3347 1279 3417; x_wconf 87' lang='lat' dir='ltr'>cuncti</span> <span class='ocrx_word' id='word_1_132' title='bbox 1304 3355 1423 3420; x_wconf 88' lang='lat' dir='ltr'>tamen</span> 
     </span>
    </p>
   </div>
   <div class='ocr_carea' id='block_1_8' title="bbox 422 3461 1026 3545">
    <p class='ocr_par' dir='ltr' id='par_1_8' title="bbox 422 3461 1026 3545">
     <span class='ocr_line' id='line_1_21' title="bbox 422 3461 1026 3545; baseline -0.003 -11"><span class='ocrx_word' id='word_1_133' title='bbox 422 3463 458 3534; x_wconf 92' lang='lat' dir='ltr'>hi</span> <span class='ocrx_word' id='word_1_134' title='bbox 471 3462 610 3534; x_wconf 81' lang='lat' dir='ltr'>fructus</span> <span class='ocrx_word' id='word_1_135' title='bbox 624 3461 753 3545; x_wconf 85' lang='lat' dir='ltr'>lapides</span> <span class='ocrx_word' id='word_1_136' title='bbox 764 3468 864 3532; x_wconf 91' lang='lat' dir='ltr'>erant</span> <span class='ocrx_word' id='word_1_137' title='bbox 878 3461 1026 3544; x_wconf 85' lang='lat' dir='ltr'>pretiosi.</span> 
     </span>
    </p>
   </div>
   <div class='ocr_carea' id='block_1_9' title="bbox 422 3595 1425 3797">
    <p class='ocr_par' dir='ltr' id='par_1_9' title="bbox 422 3595 1425 3797">
     <span class='ocr_line' id='line_1_22' title="bbox 505 3595 1425 3685; baseline 0.003 -18"><span class='ocrx_word' id='word_1_138' title='bbox 505 3597 559 3667; x_wconf 87' lang='lat' dir='ltr'>Ad</span> <span class='ocrx_word' id='word_1_139' title='bbox 585 3597 779 3678; x_wconf 87' lang='lat' dir='ltr'>ingressum</span> <span class='ocrx_word' id='word_1_140' title='bbox 793 3595 869 3666; x_wconf 88' lang='lat' dir='ltr'>cavi</span> <span class='ocrx_word' id='word_1_141' title='bbox 884 3596 1017 3666; x_wconf 91' lang='lat' dir='ltr'>interea</span> <span class='ocrx_word' id='word_1_142' title='bbox 1038 3617 1163 3680; x_wconf 89' lang='lat' dir='ltr'>magus</span> <span class='ocrx_word' id='word_1_143' title='bbox 1187 3619 1293 3669; x_wconf 86' lang='lat' dir='ltr'>morae</span> <span class='ocrx_word' id='word_1_144' title='bbox 1318 3599 1425 3685; x_wconf 82' lang='lat' dir='ltr'>impe-</span> 
     </span>
     <span class='ocr_line' id='line_1_23' title="bbox 422 3711 895 3797; baseline -0.006 -10"><span class='ocrx_word' id='word_1_145' title='bbox 422 3717 513 3788; x_wconf 91' lang='lat' dir='ltr'>tiens</span> <span class='ocrx_word' id='word_1_146' title='bbox 527 3736 609 3785; x_wconf 92' lang='lat' dir='ltr'>eum</span> <span class='ocrx_word' id='word_1_147' title='bbox 621 3711 895 3797; x_wconf 81' lang='lat' dir='ltr'>praestolabatur.</span> 
     </span>
    </p>
   </div>
   <div class='ocr_carea' id='block_1_10' title="bbox 425 3848 1423 4304">
    <p class='ocr_par' dir='ltr' id='par_1_10' title="bbox 425 3848 1423 4042">
     <span class='ocr_line' id='line_1_24' title="bbox 506 3848 1423 3932; baseline 0.004 -12"><span class='ocrx_word' id='word_1_148' title='bbox 506 3848 655 3920; x_wconf 87' lang='lat' dir='ltr'>“Patrue</span> <span class='ocrx_word' id='word_1_149' title='bbox 667 3850 747 3932; x_wconf 87' lang='lat' dir='ltr'>mi,”</span> <span class='ocrx_word' id='word_1_150' title='bbox 761 3849 901 3920; x_wconf 86' lang='lat' dir='ltr'>invocat</span> <span class='ocrx_word' id='word_1_151' title='bbox 915 3870 996 3919; x_wconf 92' lang='lat' dir='ltr'>eum</span> <span class='ocrx_word' id='word_1_152' title='bbox 1018 3848 1219 3932; x_wconf 88' lang='lat' dir='ltr'>Aladdinus,</span> <span class='ocrx_word' id='word_1_153' title='bbox 1243 3848 1347 3922; x_wconf 87' lang='lat' dir='ltr'>“iuva</span> <span class='ocrx_word' id='word_1_154' title='bbox 1367 3873 1423 3924; x_wconf 92' lang='lat' dir='ltr'>me</span> 
     </span>
     <span class='ocr_line' id='line_1_25' title="bbox 425 3968 618 4042; baseline -0.026 0"><span class='ocrx_word' id='word_1_155' title='bbox 425 3968 618 4042; x_wconf 89' lang='lat' dir='ltr'>ascendere.</span> 
     </span>
    </p>

    <p class='ocr_par' dir='ltr' id='par_1_11' title="bbox 504 4101 1421 4187">
     <span class='ocr_line' id='line_1_26' title="bbox 504 4101 1421 4187; baseline 0.002 -13"><span class='ocrx_word' id='word_1_156' title='bbox 504 4102 672 4187; x_wconf 75' lang='lat' dir='ltr'>“Porrige</span> <span class='ocrx_word' id='word_1_157' title='bbox 687 4103 734 4174; x_wconf 88' lang='lat' dir='ltr'>sis</span> <span class='ocrx_word' id='word_1_158' title='bbox 747 4101 831 4172; x_wconf 89' lang='lat' dir='ltr'>mihi</span> <span class='ocrx_word' id='word_1_159' title='bbox 845 4102 942 4186; x_wconf 89' lang='lat' dir='ltr'>prius</span> <span class='ocrx_word' id='word_1_160' title='bbox 954 4101 1161 4185; x_wconf 83' lang='lat' dir='ltr'>lucernam,”</span> <span class='ocrx_word' id='word_1_161' title='bbox 1176 4101 1274 4172; x_wconf 87' lang='lat' dir='ltr'>iubet</span> <span class='ocrx_word' id='word_1_162' title='bbox 1286 4123 1421 4187; x_wconf 77' lang='lat' dir='ltr'>magus.</span> 
     </span>
    </p>

    <p class='ocr_par' dir='ltr' id='par_1_12' title="bbox 508 4218 1420 4304">
     <span class='ocr_line' id='line_1_27' title="bbox 508 4218 1420 4304; baseline -0.003 -12"><span class='ocrx_word' id='word_1_163' title='bbox 508 4219 568 4292; x_wconf 86' lang='lat' dir='ltr'>“ld</span> <span class='ocrx_word' id='word_1_164' title='bbox 583 4221 698 4291; x_wconf 81' lang='lat' dir='ltr'>facere</span> <span class='ocrx_word' id='word_1_165' title='bbox 711 4219 878 4304; x_wconf 87' lang='lat' dir='ltr'>nequeo‚”</span> <span class='ocrx_word' id='word_1_166' title='bbox 899 4219 1083 4304; x_wconf 89' lang='lat' dir='ltr'>respondet</span> <span class='ocrx_word' id='word_1_167' title='bbox 1105 4218 1304 4304; x_wconf 79' lang='lat' dir='ltr'>Aladdinus,</span> <span class='ocrx_word' id='word_1_168' title='bbox 1321 4218 1420 4304; x_wconf 79' lang='lat' dir='ltr'>“gra-</span> 
     </span>
    </p>
   </div>
   <div class='ocr_carea' id='block_1_11' title="bbox 0 0 1766 5156">
    <p class='ocr_par' dir='ltr' id='par_1_13' title="bbox 0 0 1766 5156">
     <span class='ocr_line' id='line_1_28' title="bbox 0 0 1766 5156; baseline 0 0"><span class='ocrx_word' id='word_1_169' title='bbox 0 0 1766 5156; x_wconf 95' lang='lat' dir='ltr'> </span> 
     </span>
    </p>
   </div>
  </div>
 </body>
</html>
