3522 5156
431 1001 452 1071 8
745 1020 915 1076 nucnnnn
934 1021 1109 1076 mnoonu

431 1192 578 1270 poterat,
592 1187 733 1259 domum
747 1189 951 1272 secontulit,
960 1209 1000 1259 ao
1011 1195 1098 1271 tum,
1108 1189 1222 1260 inedia
1231 1189 1430 1271 exhaustus,

431 1309 512 1374 ante
527 1304 655 1375 ostium
668 1327 742 1376 suae
755 1307 876 1376 matris
890 1305 1086 1377 exinanitus
1099 1305 1316 1378 obdormivit.

513 1421 626 1492 Vidua
639 1421 765 1506 gaudio
779 1422 907 1507 reperti
930 1421 1024 1494 filioli
1049 1425 1102 1495 sui
1124 1444 1333 1508 magnopere
1355 1429 1431 1493 erat

429 1537 564 1622 affecta,
579 1546 686 1623 atque
701 1541 802 1611 simul
813 1561 853 1611 ac
863 1540 989 1612 filiolus
999 1541 1042 1611 ad
1053 1563 1090 1612 se
1106 1541 1242 1624 redivit,
1257 1563 1348 1623 eum,
1359 1561 1430 1611 mo-

430 1655 474 1726 do
488 1677 557 1739 quo
571 1663 718 1741 poterat,
733 1657 871 1741 cibavit,
887 1657 947 1741 qui
961 1657 1064 1728 matri
1079 1658 1301 1742 postmodum
1314 1657 1430 1728 omnia

428 1773 515 1844 mira
529 1795 608 1857 quae
622 1783 785 1858 expertus
798 1782 875 1846 erat
889 1775 933 1846 ad
947 1775 1084 1858 singula
1108 1775 1273 1846 narravit.
1304 1775 1430 1845 Lucer-

427 1911 509 1961 nam
522 1913 746 1976 gemmasque
769 1899 911 1964 cunctas
933 1913 1050 1963 secum
1072 1891 1202 1976 attulit,
1229 1891 1289 1962 sed
1317 1899 1429 1962 mater

428 2005 596 2092 Aladdini,
612 2015 653 2080 ut
667 2017 703 2081 et
718 2009 801 2093 ipse,
814 2009 943 2093 lapides
957 2009 1125 2093 pretiosos
1138 2008 1174 2079 in
1188 2030 1334 2079 numero
1353 2017 1426 2080 tan·

427 2131 504 2195 tum
517 2125 599 2196 vitri
614 2126 756 2198 colorati
769 2126 977 2210 habuerunt,
1000 2148 1064 2198 nec
1089 2127 1228 2197 lucerna
1249 2126 1431 2198 videbatur

426 2241 509 2326 ipsis
523 2245 639 2328 magni
654 2244 765 2328 pretii.

512 2359 681 2432 Postridie
696 2361 830 2432 nullum
844 2361 880 2431 in
895 2361 996 2432 domo
1021 2367 1098 2431 erat
1121 2360 1333 2443 alimentum,
1356 2382 1432 2444 pro·

427 2475 506 2548 inde
535 2485 647 2548 mater
674 2478 835 2549 Aladdini
865 2479 990 2550 statuit
1012 2478 1056 2550 ad
1081 2476 1299 2548 vendendam
1314 2477 1429 2560 telam,

426 2615 531 2677 quarn
545 2615 564 2665 e
578 2595 738 2680 gossypio
753 2601 899 2678 texerat,
916 2595 1061 2678 prodire,
1076 2594 1136 2665 sed
1151 2594 1350 2678 Aladdinus‚

508 2710 674 2783 “Contine
687 2713 799 2794 modo,
814 2713 957 2795 mater,”
973 2712 1095 2796 inquit,
1116 2710 1235 2781 “tuam
1258 2711 1364 2782 telam
1390 2712 1426 2782 in

427 2836 604 2912 posterum
635 2830 744 2900 diem:
782 2830 897 2913 potius
919 2850 984 2913 ego
1012 2828 1155 2913 prodibo
1181 2835 1222 2898 ut
1243 2830 1428 2911 lucemam

426 2967 531 3030 quam
546 2945 620 3017 heri
635 2969 770 3018 mecum
786 2948 945 3029 tuleram,
959 2945 1139 3016 vendarn.”

512 3063 624 3135 Mater
638 3064 797 3134 Aladdini
812 3066 987 3135 lucernam
1001 3063 1155 3147 protulit,
1166 3068 1202 3132 et
1212 3063 1374 3146 quoniam
1389 3084 1430 3133 ea

424 3182 562 3253 sordida
576 3189 661 3264 erat,
676 3182 835 3252 tersitare
848 3203 926 3251 eam
941 3181 1054 3264 cepit,
1068 3186 1112 3250 ut
1125 3185 1224 3250 tanto
1248 3179 1361 3250 carius
1375 3200 1430 3250 ea·

425 3299 504 3370 dem
517 3299 620 3370 vendi
634 3305 758 3384 posset.
784 3299 833 3370 Ut
847 3319 931 3370 vero
946 3319 1023 3368 eam
1046 3317 1152 3367 arena
1177 3296 1307 3367 fricans
1331 3317 1430 3367 mun·

423 3416 539 3500 dabat,
553 3416 744 3487 horrendus
759 3416 900 3501 quidam
914 3414 1038 3498 genius
1051 3413 1165 3485 subito
1179 3415 1380 3498 comparuit.

509 3531 626 3618 “Fare,
641 3533 724 3617 quid
749 3533 813 3605 tibi
835 3532 931 3603 vis?”
958 3531 1085 3614 quaerit
1113 3530 1247 3614 genius.
1277 3528 1431 3602 “Praesto

420 3650 544 3722 adsum
558 3649 602 3721 ad
617 3649 878 3734 obsequendum
898 3655 940 3719 ut
965 3669 1088 3718 servus
1113 3654 1206 3730 tuus,
1228 3655 1334 3731 atque
1360 3669 1429 3718 ser·

419 3789 486 3838 vus
514 3767 760 3850 cuiuscunque,
791 3765 850 3850 qui
876 3786 955 3836 eam
978 3765 1156 3835 lucernam
1179 3764 1215 3834 in
1239 3785 1347 3835 manu
1367 3765 1428 3835 ha-

420 3885 519 3967 beat;
542 3906 617 3969 ego,
632 3884 817 3967 caeterique
831 3881 923 3952 servi
937 3880 1120 3952 lucernae.”

504 4003 615 4073 Mater
628 4000 788 4072 Aladdini
802 3998 888 4071 adeo
909 3997 1095 4083 perterrita
1118 4004 1181 4080 est,
1201 4003 1243 4069 ut
1265 3996 1426 4069 intermo-

422 4127 568 4202 reretur,
584 4119 643 4190 sed
660 4117 849 4190 Aladdinus
862 4118 1039 4188 lucernam
1066 4114 1223 4197 arripuit,
1239 4120 1345 4197 atque
1360 4115 1428 4184 cla·

420 4238 547 4308 mavit:
