3554 5156
725 973 808 1028 urar
836 971 975 1028 cnonas
1287 945 1350 1020 105

350 1147 428 1212 ctus
442 1140 517 1212 eius
529 1163 565 1212 sc
580 1141 759 1226 applicuit;
775 1140 866 1212 Elisa
879 1146 997 1211 tamen
1010 1137 1093 1210 nibil
1106 1137 1230 1209 borum
1244 1135 1351 1207 anim·

349 1257 530 1329 advertere
542 1257 732 1330 videbatur.
744 1257 898 1329 Tandem
913 1278 1021 1341 quum
1037 1278 1074 1326 se
1087 1277 1131 1326 ex
1143 1275 1235 1338 aqua
1244 1273 1352 1324 emer·

349 1375 404 1458 sit,
419 1381 490 1446 tres
502 1374 604 1446 dores
625 1375 805 1460 papaveris
825 1375 862 1445 in
887 1373 1066 1459 superficie
1091 1391 1191 1456 aquae
1214 1371 1351 1441 fluitare

349 1491 526 1576 parebant.
548 1493 623 1564 Nisi
636 1492 786 1565 bufones
800 1493 972 1576 venenosi,
993 1498 1030 1563 et
1053 1513 1076 1562 a
1100 1513 1185 1576 saga
1208 1489 1350 1560 osculati

349 1609 510 1693 fuissent,
524 1631 600 1681 eam
615 1611 821 1694 obtunsum,
837 1611 929 1694 quod
949 1611 985 1680 in
1010 1609 1121 1693 capite
1145 1614 1350 1693 pectoreque

350 1727 451 1799 Elisoe
465 1729 634 1811 sederant,
645 1729 681 1798 in
692 1749 787 1799 rosas
801 1728 927 1799 mutati
938 1735 1071 1809 essent;
1086 1726 1178 1796 Elisa
1192 1725 1284 1796 enim
1299 1723 1348 1794 ni·

351 1845 416 1915 mis
427 1851 502 1916 erat
513 1846 629 1929 proba,
639 1866 744 1929 quam
754 1853 794 1916 ut
802 1851 894 1916 artes
902 1845 1045 1928 magicae
1054 1844 1090 1914 in
1100 1863 1177 1913 eam
1187 1842 1349 1912 effectum

349 1962 561 2032 sortirentur.
584 1963 700 2046 Quum
714 1963 833 2046 regina
846 1963 909 2033 hoc
924 1960 1093 2044 sensisset,
1119 1967 1228 2030 totam
1242 1957 1350 2029 cutim

349 2079 470 2163 puellae
484 2101 586 2151 succo
599 2080 777 2164 gulliocae,⁷
787 2079 968 2163 pulchrum
978 2084 1096 2149 autem
1107 2079 1243 2148 vultum
1255 2075 1350 2145 foedo

350 2196 498 2280 quodam
512 2203 700 2281 unguento,
727 2196 818 2280 quod
832 2204 869 2267 et
883 2197 1003 2280 longos
1028 2215 1109 2265 suos
1132 2193 1243 2265 crines
1263 2199 1350 2262 tam·

350 2334 454 2397 quam
470 2315 548 2398 glue
570 2321 797 2399 compegerat,
820 2314 958 2397 oblevit,
982 2318 1060 2397 post
1081 2333 1161 2396 quae
1183 2308 1351 2396 pulchella

350 2431 442 2502 Elisa
456 2453 500 2503 ne
513 2433 652 2516 agnosci
666 2431 804 2515 quidem
820 2437 964 2514 poterat.

434 2549 501 2620 Ubi
515 2549 637 2621 deinde
652 2549 698 2620 sic
713 2549 748 2619 in
763 2555 983 2632 conspectum
1004 2546 1112 2631 patris
1125 2545 1274 2616 adducta
1289 2550 1352 2627 est,

347 2666 405 2737 ille
419 2666 562 2750 negavit
576 2667 666 2737 hanc
690 2687 788 2737 suam
811 2687 885 2736 esse
907 2665 1052 2736 filiolam.
1076 2665 1187 2736 Nemo
1211 2681 1351 2746 prorsus

347 2805 424 2854 eam
441 2804 637 2868 agnoscere,
651 2791 687 2855 et
712 2783 748 2854 in
772 2783 970 2854 societatem
994 2781 1177 2853 admittere
1202 2779 1348 2862 volebat,

349 2901 415 2971 nisi
430 2901 609 2972 molossus⁸
622 2909 728 2985 atque
742 2901 952 2984 hirundines,
975 2907 1013 2971 at
1037 2899 1121 2982 haec,
1145 2897 1350 2969 animalcula

347 3019 490 3101 misella,
509 3017 595 3088 nibil
609 3019 795 3103 quidquam
816 3019 890 3089 eius
912 3017 1026 3102 gratia
1047 3016 1161 3100 eloqui
1179 3021 1349 3100 poterant

432 3153 563 3224 Misella
577 3153 669 3224 Elisa
682 3153 766 3225 nibil
779 3154 845 3224 nisi
865 3153 1023 3238 ploravit,
1046 3159 1150 3236 atque
1176 3152 1218 3224 dc
1243 3152 1349 3222 unde·

348 3269 415 3342 cim
429 3271 606 3354 tratribus,
621 3293 768 3354 quorum
782 3271 914 3342 nullum
936 3271 972 3341 in
991 3269 1087 3354 regia
1104 3269 1250 3352 viderat,
1271 3289 1349 3339 con·

349 3389 448 3460 tinuo
462 3387 647 3472 cogitabat.
669 3388 837 3460 ineffabili
852 3387 967 3458 dolore
991 3387 1099 3459 animi
1112 3388 1200 3458 clam
1214 3407 1250 3457 se
1265 3407 1285 3456 e
1299 3407 1352 3455 re·

348 3507 406 3591 gia
419 3506 555 3592 eripuit,
565 3514 746 3590 totumque
761 3505 852 3577 diem
863 3505 1011 3576 solitaria
1025 3526 1087 3589 per
1101 3525 1203 3588 agros
1213 3504 1350 3588 udaque

348 3631 449 3708 prata
463 3624 604 3708 erravit,
619 3631 656 3695 et
670 3625 719 3695 sic
733 3623 880 3707 denique
893 3623 928 3693 in
943 3623 1058 3707 sylvas
1072 3623 1221 3693 devenit
1238 3621 1352 3693 Omni-

349 3763 410 3813 um
434 3763 551 3812 remm
572 3742 665 3825 orba,
681 3741 748 3825 quo
761 3763 798 3811 se
813 3741 1009 3823 diverteret,
1035 3739 1137 3824 plane
1160 3739 1351 3824 ignorabat,

450 3978 475 4031 7.
494 3975 643 4040 Gallicos,
661 3991 707 4041 -ιε,
723 3983 815 4031 cortex
827 3992 929 4031 nucum
946 3977 1071 4038 exterior,
1092 3976 1195 4040 viridis,
1213 3977 1259 4044 qui
1275 3981 1352 4043 puta·

349 4076 412 4114 men
426 4061 574 4123 internum,
588 4060 693 4123 durum,
711 4061 788 4127 tegit.
805 4061 892 4114 Huius
905 4077 1001 4115 succus
1014 4066 1104 4114 cutem
1121 4059 1269 4114 humanam
1290 4065 1350 4114 stro

348 4145 439 4199 colore
452 4143 549 4206 inficit,
563 4145 678 4211 quinon
691 4145 773 4198 facile
785 4145 859 4199 ablui
872 4151 969 4212 potest.

448 4229 473 4282 8.
490 4227 582 4282 Genus
595 4243 754 4294 magnorum
772 4244 878 4282 canum.
