3482 5158
440 949 479 1018 12
750 965 921 1022 Locorum
940 967 1116 1022 mmmm

437 1131 486 1202 cis
507 1139 696 1216 nupturam
721 1154 805 1204 esse.
828 1133 976 1206 Domum
1005 1157 1154 1220 reversa,
1182 1158 1273 1208 nova
1298 1139 1437 1208 nuntiat

437 1248 615 1334 Aladdino,
630 1250 685 1320 hio
699 1257 817 1322 tamen
831 1253 904 1323 loco
929 1274 1065 1324 omnem
1089 1275 1185 1338 spem
1212 1254 1436 1339 relinquendi,

437 1374 479 1438 ut
492 1368 565 1451 ipsa
579 1368 734 1452 putabat,
749 1369 941 1453 respondit:
962 1369 1023 1441 “ld
1037 1392 1214 1456 nunquam
1235 1371 1334 1443 flett’
1363 1373 1437 1456 qui·

437 1485 503 1554 bus
516 1484 616 1556 dictis
628 1485 672 1556 ad
687 1487 929 1570 proterendam
944 1489 1119 1559 lucernam
1133 1488 1295 1560 discessit

520 1603 626 1674 Genio
638 1604 840 1689 prodeunte,
852 1605 1008 1676 narravit
1022 1605 1054 1676 ei
1069 1606 1153 1690 quid
1166 1607 1346 1690 evenisset,
1373 1607 1437 1677 Re-

434 1721 596 1804 giumque
612 1721 742 1806 Filiam,
755 1729 861 1807 atque
875 1724 983 1794 filium
998 1725 1124 1796 summi
1139 1725 1234 1796 ducis
1254 1725 1299 1796 ad
1320 1747 1357 1796 se
1378 1724 1437 1795 ad·

435 1837 512 1908 duci
528 1839 636 1909 iussit.
647 1840 776 1912 Genius
789 1841 882 1912 iussa
895 1843 990 1926 tacit,
1005 1849 1149 1926 arteque
1159 1843 1293 1927 magica
1303 1850 1436 1914 utrum·

435 1956 553 2040 quein
569 1956 708 2028 domum
734 1959 893 2030 Aladdini
914 1960 1037 2032 defert.
1060 1961 1213 2046 Uterque
1238 1961 1371 2044 ingenti
1396 1960 1438 2030 ti·

435 2095 529 2144 more
543 2075 764 2160 afficiebatur,
780 2084 886 2161 atque
900 2079 1057 2162 quamvis
1082 2077 1271 2150 Aladdinus
1292 2077 1436 2162 Regiam

435 2191 555 2262 Filiam
570 2193 623 2263 his
636 2192 750 2265 verbis
765 2196 894 2266 solatus
915 2204 1015 2280 esset,
1039 2194 1150 2268 “Nolli
1172 2197 1306 2278 timere,
1328 2195 1438 2266 colen·

434 2310 573 2381 dissime
598 2311 682 2382 Filia
705 2312 820 2396 Regis,
844 2313 982 2384 omnino
1005 2314 1097 2384 enim
1112 2315 1149 2384 in
1163 2321 1241 2386 tuto
1262 2336 1299 2384 es
1310 2313 1340 2383 !''
1362 2315 1436 2396 ipsa

435 2451 515 2499 eum
529 2429 588 2498 vix
602 2429 735 2500 audivit
750 2431 900 2514 quidem.

518 2547 618 2628 Quod
633 2569 715 2618 vero
730 2548 774 2618 ad
789 2547 898 2618 filium
914 2549 1039 2620 summi
1054 2549 1150 2621 ducis
1175 2550 1310 2633 attinet,
1336 2549 1440 2620 Alad-

433 2663 535 2735 dinus
550 2664 769 2736 demandavit
784 2666 886 2748 genio
899 2673 941 2736 ut
954 2688 1036 2738 eum
1050 2688 1161 2750 usque
1176 2667 1211 2736 in
1223 2666 1313 2738 diem
1323 2673 1434 2749 poste·

433 2803 511 2852 rum
527 2804 547 2851 e
561 2781 672 2852 medio
685 2783 830 2866 tolleret,
854 2791 974 2866 postea
988 2805 1071 2854 vero
1086 2791 1123 2854 et
1137 2784 1280 2868 Regiam
1304 2783 1434 2864 Fidum,

435 2906 471 2969 et
486 2899 582 2969 ducis
596 2898 704 2970 filium
719 2901 755 2970 in
771 2901 937 2983 palatium
951 2901 1159 2972 restitueret.

519 3018 640 3101 ltaque
655 3024 733 3101 post
746 3018 820 3089 haec
835 3019 960 3102 pericla
981 3019 1117 3089 insolita
1130 3019 1220 3088 filius
1235 3017 1360 3089 summi
1374 3016 1436 3087 du-

434 3134 483 3205 cis
508 3134 622 3205 minus
646 3134 806 3218 cupiebat
830 3135 973 3220 Regiam
999 3136 1118 3206 Filiam
1134 3135 1436 3207 Badrulbuduram

434 3253 569 3334 ducere,
584 3259 619 3322 et
633 3251 706 3324 haec
721 3253 752 3323 ei
767 3253 908 3335 nubere,
923 3253 1064 3337 proinde
1079 3253 1249 3337 sponsalia
1263 3252 1435 3334 dirempta

433 3378 525 3453 sunt,
541 3391 727 3454 omnesque
740 3369 884 3440 lautitiae
898 3369 1001 3440 finem
1016 3375 1233 3454 acceperunt.

516 3487 705 3558 Aladdinus
719 3495 795 3558 tum
809 3487 853 3558 ad
868 3487 974 3558 finem
984 3509 1095 3572 usque
1106 3487 1199 3558 tertii
1210 3485 1337 3557 mensis
1347 3492 1432 3556 tem·
1528 3476 1533 3484 ’

432 3627 498 3690 pus
512 3606 575 3677 sibi
590 3608 749 3690 sumpsit,
764 3628 804 3676 ac
818 3613 895 3677 tum
909 3605 1049 3676 demum
1064 3611 1213 3675 matrem
1238 3605 1273 3674 in
1299 3603 1431 3687 regiam

431 3723 575 3808 Sultani,
590 3723 634 3796 ad
659 3725 863 3808 promissum
878 3724 914 3793 in
929 3722 1125 3793 memoriam
1153 3721 1245 3804 regis
1270 3741 1433 3792 revocan-

432 3841 515 3912 dum
542 3842 645 3912 misit.
677 3840 840 3913 Sultunus
865 3839 1064 3924 aspectabat
1089 3839 1241 3920 viduam,
1267 3859 1435 3922 perquam

431 3959 554 4030 misere
569 3959 744 4040 indutam;
758 3958 851 4029 haud
865 3958 957 4028 enim
971 3956 1156 4028 videbatur
1170 3955 1314 4027 Sultano
1327 3955 1435 4026 credi·

431 4075 498 4147 bile
524 4084 565 4148 ut
590 4077 680 4147 filius
704 4073 896 4147 istiusmodi
918 4073 1072 4145 mulieris
1095 4073 1221 4157 dignus
1234 4072 1308 4144 fieri
1322 4079 1437 4156 posset

432 4195 543 4266 socius
557 4217 630 4266 suae
644 4194 732 4277 filiae,
748 4194 807 4266 sed
818 4214 883 4264 nec
893 4193 1097 4277 promissum
1107 4191 1234 4263 violare
1245 4211 1282 4261 se
1292 4191 1437 4274 dignum
