3522 5156
595 992 851 1048 Purcnnrruno
873 993 1071 1047 CONSOPITA
1291 975 1333 1046 55

335 1159 440 1242 sylvis
454 1159 688 1242 albicantibus,
703 1160 907 1244 anquirebat
921 1160 966 1231 ab
980 1160 1110 1243 accolis,
1122 1182 1200 1244 quae
1215 1182 1265 1230 eae
1280 1180 1335 1230 res

336 1284 459 1346 essent
482 1275 613 1347 Rustici
628 1277 775 1360 regionis
790 1277 821 1348 ei
834 1285 1064 1349 narraverunt
1078 1299 1158 1360 quae
1171 1278 1277 1348 faudo
1292 1277 1336 1348 ab

333 1395 408 1464 avis
422 1394 640 1466 audiverunt.
663 1395 793 1466 Eorum
808 1396 912 1479 aliqui
939 1397 1132 1466 retulerunt
1155 1402 1334 1465 vetustum

334 1511 416 1582 illud
431 1535 505 1583 esse
519 1514 696 1584 castellum
717 1535 738 1583 a
759 1513 900 1596 spectris
925 1513 1145 1594 infestatum
1168 1511 1241 1582 aliis
1263 1512 1333 1597 pla·

333 1631 404 1701 cuit
417 1631 530 1700 locum
545 1652 624 1700 eum
646 1652 719 1700 esse
744 1630 804 1701 ubi
827 1631 942 1701 cuncti
966 1631 1041 1701 eius
1067 1630 1215 1713 regionis
1240 1630 1333 1714 magi

333 1749 546 1832 congregari,
582 1749 744 1831 lauteque
770 1769 873 1830 agere
898 1747 1164 1819 consuevissent.
1186 1746 1335 1817 Maxime

332 1875 448 1938 tamen
478 1867 622 1948 vulgata
645 1865 758 1947 opinio
783 1865 919 1935 volebat
944 1871 1136 1935 monstrum
1162 1863 1333 1948 quoddam

332 1983 679 2066 anthropophagum¹⁸
689 1982 755 2052 illic
766 1982 864 2052 sedes
873 1981 960 2052 fixas
970 1982 1105 2066 habere,
1115 1981 1207 2065 quod
1216 2001 1335 2052 omnes

332 2123 418 2186 quos
432 2121 553 2183 capere
568 2106 682 2183 posset
695 2121 829 2184 pueros,
844 2121 974 2184 rapere,
995 2121 1035 2170 ac
1057 2121 1118 2184 per
1142 2099 1252 2170 otium
1275 2099 1333 2168 de·

330 2239 452 2290 vorare
463 2217 595 2287 soleret.
605 2217 797 2287 Monstrum
808 2217 890 2287 illud
903 2217 1060 2300 persequi
1074 2217 1246 2287 neminem
1257 2237 1335 2299 pos·

329 2359 366 2410 se
381 2335 529 2417 aiebant,
545 2333 635 2418 quod
651 2341 777 2418 praeter
790 2333 873 2404 illud
887 2334 1000 2418 ipsum
1016 2335 1137 2404 densas
1151 2335 1265 2418 sylvas
1274 2353 1333 2403 ne·

330 2475 386 2524 mo
400 2459 582 2537 penetrare
596 2451 720 2534 quiret

413 2567 543 2651 Regius
557 2569 675 2652 itaque
690 2567 885 2639 adolescens
898 2589 962 2639 nec
977 2568 1070 2652 quid,
1093 2589 1157 2638 nec
1182 2567 1239 2640 cui
1262 2589 1333 2638 cre-

325 2686 433 2768 deret,
458 2684 567 2756 scivit.
594 2685 728 2769 Aliquis
751 2684 899 2769 denique
921 2685 1071 2756 rusticus
1095 2692 1197 2756 aetate
1212 2707 1332 2770 prove-

325 2804 412 2876 ctior
425 2805 500 2874 haec
513 2802 677 2873 narrabat
690 2802 915 2872 adolescenti:
931 2799 1147 2874 “Celsissime
1159 2803 1332 2886 Princeps,

325 2923 403 3006 plus
417 2942 521 3005 quam
537 2919 790 3004 quinquaginta
804 2919 849 2990 ab
859 2919 937 2988 hinc
948 2919 1046 2989 annis
1056 2918 1173 2988 audivi
1183 2919 1330 3002 aliquem

326 3039 417 3122 patri
432 3059 510 3108 meo
524 3057 676 3120 narrare,
691 3037 841 3120 aliquam
856 3035 902 3106 ibi
918 3037 1024 3106 latere
1039 3035 1183 3120 Regiam
1198 3035 1333 3120 Filiam,

326 3155 483 3225 omniurn
509 3155 546 3224 in
577 3154 659 3224 orbe
684 3160 856 3224 terrarum
880 3153 1155 3237 pulcherrimam.
1177 3152 1265 3222 Eam
1285 3151 1332 3223 ibi

325 3279 467 3344 centum
481 3293 590 3343 annos
604 3271 803 3342 dormiendo
818 3271 943 3354 degere
964 3270 1164 3354 oportuisse,
1186 3270 1332 3354 foreque

324 3395 365 3461 ut
379 3389 503 3473 aliquis
517 3389 646 3473 Regius
670 3388 776 3459 Filius
800 3409 876 3458 eam
897 3393 974 3472 post
997 3387 1130 3471 lapsum
1155 3385 1332 3457 centesimi

323 3505 405 3578 anni
422 3508 730 3591 expergefactums
743 3507 865 3577 esset.”
879 3505 1018 3576 Auditis
1031 3505 1085 3574 his
1095 3505 1223 3589 Regius
1233 3506 1332 3575 luve-

324 3623 378 3694 nis
390 3624 505 3694 animo
521 3623 706 3695 admodum
719 3629 909 3694 commotus
930 3629 992 3694 est.
1015 3621 1109 3694 Nihil
1125 3623 1217 3693 enim
1232 3621 1331 3693 dubi·

323 3739 421 3812 tabat
435 3739 469 3810 id
485 3739 548 3810 sibi
563 3762 585 3810 a
598 3741 683 3812 fatis
705 3741 935 3824 commissum,
960 3747 1001 3811 ut
1027 3761 1182 3824 soporem
1208 3740 1331 3825 puella

324 3864 512 3941 rumperet,
537 3857 677 3942 insuper
691 3865 728 3928 et
742 3879 859 3929 amore
884 3866 990 3942 atque
1015 3857 1202 3928 ambitione
1226 3857 1331 3928 etiam

323 3994 498 4058 accensus,
513 3973 676 4045 continuo
690 3975 813 4046 statuit
828 3973 986 4060 experiri,
1000 3981 1121 4046 utrum
1142 3975 1251 4046 relata
1272 3996 1330 4046 ve·

328 4110 367 4162 ra
380 4097 505 4162 essent.

431 4226 454 4279 1.
471 4223 756 4294 Anthropophagos,
771 4226 805 4292 ·s‘,
821 4242 904 4280 carne
916 4227 1038 4280 bumana
1050 4239 1173 4280 vescens
