3540 5156
402 893 464 964 168
733 910 836 963 Arion
857 910 902 962 m
924 909 1062 963 essene

398 1099 454 1160 go,
469 1099 532 1148 nec
548 1077 612 1161 ipsi
626 1077 785 1160 Cupidini
799 1099 967 1161 comparo.
983 1075 1050 1148 Sed
1064 1077 1150 1146 illud
1164 1077 1268 1146 etiam
1293 1077 1398 1160 preci·

401 1193 466 1264 bus
479 1195 564 1264 meis
577 1216 649 1277 oro,
669 1195 804 1277 largire,
819 1202 855 1264 et
869 1194 916 1264 illi
941 1201 1004 1264 tuo
1027 1195 1159 1265 famulo
1172 1194 1321 1277 praecipe
1342 1194 1401 1262 Ze

400 1312 519 1395 phyro,
534 1311 634 1381 simili
647 1320 792 1382 vectura
806 1333 940 1382 sorores
953 1311 1021 1381 huc
1035 1311 1120 1381 mihi
1134 1311 1263 1381 sistat’'

482 1429 528 1500 Et
540 1429 741 1513 imprimens
754 1430 871 1500 oscula
891 1429 1054 1512 suasoria,
1069 1435 1105 1499 et
1118 1429 1280 1512 ingerens
1293 1429 1400 1498 verba

399 1547 594 1630 mulcentia,
609 1554 646 1617 et
660 1547 809 1630 iungens
821 1546 977 1616 membra
991 1546 1195 1629 cohibentia,
1219 1547 1273 1617 his
1295 1547 1400 1616 etiam

399 1663 547 1734 bladitiis
567 1665 732 1734 adstruit:

483 1779 630 1852 “Mellite
645 1782 692 1851 mi
706 1782 839 1862 marite,
855 1789 925 1852 tuae
941 1782 1089 1866 Psyches
1103 1781 1212 1852 dulcis
1225 1783 1371 1852 anima'’

482 1899 619 1970 Invitus
633 1898 815 1970 succubuit
834 1899 991 1982 maritus,
1014 1906 1051 1969 et
1075 1906 1201 1969 cuncta
1225 1921 1263 1969 se
1287 1900 1400 1970 tactu-

398 2035 476 2087 rum
490 2017 681 2100 spopondit
699 2017 815 2100 Atque
829 2017 944 2099 etiam,
955 2017 1030 2087 luce
1040 2016 1265 2100 proximante,
1276 2017 1319 2086 de
1330 2039 1402 2086 ma·

398 2134 500 2204 nibus
514 2133 631 2204 uxoris
645 2134 797 2206 evanuit.

481 2269 530 2338 At
543 2269 611 2339 illae
625 2290 757 2339 sorores
778 2274 987 2352 percontatae
1012 2269 1191 2352 scopulum
1217 2269 1401 2352 locumque

398 2387 495 2457 illum
520 2407 588 2470 quo
609 2387 726 2456 fuerat
752 2385 883 2469 Psyche
905 2385 1050 2468 deserta,
1076 2385 1281 2456 festinantes
1299 2386 1402 2456 adve-

397 2503 510 2586 niunt,
525 2503 642 2587 ibique
656 2503 828 2573 dedebant
843 2504 968 2586 oculos,
989 2509 1026 2572 et
1047 2502 1260 2587 plangebant
1283 2502 1401 2586 ubera,

399 2620 512 2704 quoad
527 2619 654 2690 crebris
667 2641 787 2690 earum
813 2619 995 2690 eiulatibus
1007 2641 1090 2689 saxa
1104 2627 1291 2703 cautesque
1312 2620 1401 2703 pari-

398 2738 466 2807 lem
489 2757 612 2807 sonum
627 2737 869 2807 resultarent.⁵⁶
883 2737 1026 2820 lamque
1041 2737 1179 2806 nomine
1199 2736 1337 2820 proprio
1351 2757 1404 2806 so

398 2875 510 2925 rorem
526 2853 685 2924 miseram
700 2854 845 2936 ciebant,
860 2855 952 2937 quod
974 2876 1057 2924 sono
1080 2853 1282 2938 penetrabili
1307 2853 1402 2924 vocis

397 2971 569 3043 ululabilis
583 2993 645 3056 per
659 2994 767 3056 prona
780 2972 963 3056 delapsae,⁵⁷
984 2993 1103 3042 amens
1117 2978 1154 3041 et
1167 2971 1303 3055 trepida
1318 2970 1401 3054 Psy-

397 3089 461 3160 che
475 3089 647 3173 procurrit
661 3112 681 3159 e
696 3089 806 3172 domo,
823 3096 859 3159 et

481 3205 625 3289 “Quid”
641 3207 764 3290 inquit,
780 3205 865 3276 “vos
878 3207 1011 3277 miseris
1025 3205 1329 3275 lamentationibus
1342 3227 1402 3275 ne·

398 3323 586 3407 quidquam
601 3322 770 3408 affligitis?
786 3323 898 3408 Quam
907 3323 1043 3408 lugetis
1057 3322 1190 3393 adsum.
1217 3323 1400 3405 Lugubres

396 3463 499 3512 voces
523 3441 676 3524 desinite,
702 3447 738 3510 et
762 3441 903 3512 diutinis
924 3441 1083 3523 lacrymis
1104 3439 1281 3509 madentes
1295 3461 1402 3522 genas

499 3711 541 3764 56.
559 3710 682 3764 Similem
696 3726 792 3764 sonum
805 3709 1018 3770 reverberarent,
1031 3709 1182 3770 redderent,
1196 3705 1274 3760 eobo.

502 3795 543 3848 57.
561 3793 674 3848 Sensus:
691 3793 771 3847 Nunc
792 3795 846 3846 iam
869 3809 973 3848 sorores
998 3793 1054 3845 illae
1078 3791 1146 3854 dure,
1171 3807 1249 3844 suam
1274 3805 1402 3850 sororem,

402 3878 546 3944 Psychem,
559 3877 731 3939 nominatim,
743 3892 792 3930 suo
805 3877 912 3943 proprio
931 3876 1051 3938 nomine,
1069 3875 1200 3941 ‘'Psyche,
1211 3875 1342 3941 Psyche,”
1359 3887 1404 3926 vo·

397 3961 528 4024 citabant,
541 3961 704 4015 clamoribus
716 3960 891 4023 ellectnbent,
903 3974 989 4027 usque
999 3959 1074 4022 adeo,
1083 3964 1115 4012 ut
1124 3957 1233 4020 clamor,
1246 3973 1300 4011 vox
1308 3973 1401 4010 earum

397 4051 479 4098 acute
491 4047 555 4112 “per
568 4045 677 4111 prona,”
695 4059 743 4110 per
755 4043 906 4110 planitiem,
926 4043 961 4097 de
977 4048 1071 4096 monte
1092 4041 1200 4104 diffusa,
1214 4041 1248 4094 ed
1261 4039 1397 4107 Psychen

397 4143 482 4196 usque
495 4128 524 4182 in
537 4127 640 4195 palatio
652 4127 813 4195 perveniret,
827 4127 959 4194 quatere
971 4141 1073 4188 emens,
1086 4125 1135 4179 bc.
