3522 5156
428 939 470 1010 52
690 955 944 1012 nuncnmruno
966 955 1168 1010 cousonmn

428 1131 500 1195 tam
514 1129 589 1194 erat
603 1122 745 1207 pulchra
770 1121 873 1193 etiam
899 1123 1080 1206 dormiens,
1105 1130 1146 1194 ut
1170 1125 1332 1207 angelum
1353 1147 1429 1196 eam

428 1241 593 1324 crederes,
608 1240 699 1310 color
711 1239 802 1310 enim
816 1239 954 1310 vividus
968 1247 1004 1310 et
1017 1261 1175 1311 rosaceus
1199 1241 1335 1313 vultum
1357 1243 1430 1314 eius

426 1381 495 1430 non
510 1356 657 1441 reliquit,
664 1378 764 1440 genae
772 1357 900 1428 etenim
908 1357 982 1428 eius
992 1379 1109 1440 roseae,
1120 1358 1242 1429 lobeila
1249 1381 1333 1431 vero
1343 1367 1430 1432 tam·

426 1498 531 1561 quam
544 1475 668 1546 corallo
682 1481 791 1556 erant,
806 1475 978 1560 palpebrae
999 1481 1116 1546 autem
1140 1476 1265 1547 clausae
1289 1477 1427 1561 quidem

424 1601 534 1676 erant,
548 1613 625 1664 eam
637 1599 756 1662 tamen
770 1591 892 1662 leniter
902 1591 1062 1674 spiritum
1072 1592 1196 1664 ducere
1208 1593 1429 1668 circumstan-

425 1719 478 1782 tes
492 1711 581 1780 clare
595 1706 790 1790 audiebant,
803 1708 896 1778 unde
911 1729 973 1792 pro
988 1715 1082 1780 certo
1107 1709 1352 1783 intellexerunt
1366 1735 1429 1798 pu·

427 1828 527 1900 ellam
541 1833 713 1897 mortuom
727 1846 796 1895 non
811 1847 895 1896 esse.
912 1825 985 1897 Rex
995 1825 1112 1910 itaque
1123 1828 1281 1900 omnibus
1291 1830 1429 1902 deman·

425 1945 521 2017 davit
534 1950 576 2014 ut
589 1942 695 2013 filiam
709 1941 839 2026 placide
854 1942 1003 2013 dormire
1019 1943 1171 2015 sinerent
1185 1966 1296 2030 usque
1310 1948 1355 2018 ad
1368 1948 1428 2020 ho·

426 2085 509 2145 ram,
525 2082 594 2145 qua
608 2080 671 2130 sua
686 2066 807 2144 sponte
822 2059 1028 2142 evigilaturo
1041 2068 1141 2132 esset

508 2179 571 2248 Dia
585 2177 779 2260 bonaque
794 2175 903 2246 vitam
918 2178 1041 2260 puellae
1065 2177 1176 2262 pretio
1199 2182 1328 2263 soporis
1351 2203 1429 2254 cen·

424 2305 501 2368 tum
515 2315 683 2366 annorum
698 2301 907 2378 servaverat,
922 2316 963 2365 eo
976 2302 1130 2378 tempore
1152 2318 1221 2380 quo
1245 2299 1426 2372 infortuni·

425 2437 486 2487 um
501 2413 643 2495 Regiam
659 2411 778 2481 Filiam
792 2411 1001 2496 supervenit,
1025 2413 1061 2482 in
1084 2435 1192 2498 regno
1217 2415 1426 2500 Mauquinae

423 2531 529 2602 millia
544 2550 682 2614 passum
696 2528 854 2599 duodena
874 2527 992 2600 dissito
1012 2530 1142 2601 aberat.
1167 2532 1331 2604 Attamen
1351 2535 1427 2618 ipsa

423 2650 493 2720 ida
508 2646 656 2732 quodam
679 2645 807 2728 pumilo
827 2646 919 2716 intra
943 2646 1025 2717 bina
1051 2657 1224 2720 momenta
1246 2651 1426 2736 inaudivit,

428 2765 553 2850 quippe
589 2763 648 2847 qui
672 2762 857 2834 cothurnos
879 2762 1028 2834 habebat
1053 2771 1234 2849 septenum
1260 2768 1428 2839 milliario

426 2905 521 2964 rum;
543 2881 578 2952 hi
593 2879 684 2951 enim
699 2886 799 2951 erant
812 2879 980 2963 cothurni,
996 2880 1122 2965 quibus
1145 2903 1283 2966 quoque
1304 2908 1426 2969 gressu

425 3005 566 3084 septena
580 2997 743 3079 milliaria,
759 2997 818 3080 qui
833 3018 891 3066 eos
904 3005 1050 3080 gereret,
1065 2999 1197 3069 emetiri
1207 3009 1351 3084 poterat.
1364 3003 1428 3074 Dia

425 3117 533 3201 igitur
546 3136 619 3185 sese
633 3114 815 3184 confestim
830 3113 943 3184 itineri
965 3114 1068 3198 dedit,
1092 3123 1196 3199 atque
1219 3118 1311 3188 intra
1332 3120 1427 3191 horae

427 3233 575 3317 spatium
600 3230 702 3314 igneo
731 3229 880 3300 insidens
903 3231 1065 3314 plaustro,
1088 3232 1293 3306 draconibus
1316 3245 1427 3320 vecto,

426 3358 506 3421 ante
521 3349 650 3432 regiam
665 3348 826 3418 constitit.
850 3348 966 3431 Quum
980 3370 1040 3419 rex
1055 3350 1086 3420 ei
1101 3359 1258 3433 porrecta
1272 3375 1377 3425 manu
1392 3353 1426 3424 in

425 3466 660 3539 descendendo
676 3466 717 3535 de
732 3465 886 3548 plaustro
900 3466 1097 3550 adstitisset,
1118 3468 1191 3538 haec
1213 3471 1330 3542 amicis
1352 3494 1428 3544 ver·

426 3587 479 3657 bis
508 3583 688 3654 certiorem
711 3603 792 3652 eum
813 3582 896 3651 fecit
911 3603 947 3652 se
963 3583 1108 3663 probare
1123 3594 1247 3656 cuncta
1263 3610 1341 3671 quae
1367 3612 1428 3661 rex

426 3702 621 3782 statuisset;
643 3705 881 3770 verumtamen
897 3721 1004 3783 quum
1019 3701 1093 3784 ipsa
1106 3702 1207 3786 longe
1221 3707 1427 3788 praevideret

426 3822 558 3901 futura,
585 3815 746 3887 monebat
770 3837 851 3886 eum
871 3825 974 3887 vetus
998 3819 1091 3889 istud
1117 3821 1295 3905 palatium,
1318 3845 1427 3907 quum

426 3937 497 4008 filia
509 3939 751 4018 experrectum
764 3941 865 4016 esset,
876 3933 1063 4006 nimisfore
1078 3937 1287 4021 solitarium
1310 3940 1427 4025 itaque

429 4049 729 4139 operiseaccinxit,
742 4050 888 4133 sumpsit
899 4071 997 4120 suam
1008 4051 1152 4136 virgam,
1161 4055 1368 4142 demptoque
1377 4081 1428 4130 re-

428 4191 473 4254 ge
487 4176 592 4251 atque
605 4166 733 4250 regina,
755 4187 1038 4251 unumquemque
1052 4167 1087 4238 in
1102 4171 1228 4253 palatio
1241 4181 1429 4248 contrecta·
