3522 5156
420 981 463 1048 24
733 997 906 1052 uucnnur
933 997 1108 1052 mnnnmr

505 1161 629 1246 Magus
653 1162 709 1233 ille
729 1163 914 1234 Africanus
936 1163 1084 1234 habebat
1106 1157 1252 1234 fratrem
1276 1183 1313 1232 se
1333 1166 1420 1231 natu

421 1277 598 1362 minorem,
611 1279 671 1350 sed
686 1302 784 1364 aeque
799 1289 979 1352 versutum
1009 1287 1114 1365 atque
1141 1301 1292 1363 nequam
1316 1300 1420 1362 quam

421 1393 491 1464 tuit
515 1395 595 1479 ipse.
619 1397 736 1481 Quum
761 1397 826 1481 hic,
849 1420 913 1482 ope
939 1398 992 1469 sui
1011 1396 1199 1480 horoscopii
1230 1394 1422 1466 rescivisset

420 1511 566 1583 fratrem
580 1535 683 1584 suum
697 1515 862 1586 maiorem
885 1522 973 1586 natu
987 1537 1008 1584 a
1023 1514 1171 1599 quodam
1193 1513 1331 1584 homine
1352 1513 1421 1596 ple-

420 1625 506 1698 beiae
530 1631 678 1715 originis,
695 1633 819 1703 marito
840 1632 1019 1705 cuiusdam
1044 1631 1162 1716 Regiae
1175 1630 1269 1700 Filiae
1283 1630 1318 1700 in
1334 1629 1421 1701 Seri·

421 1745 487 1816 bus
499 1747 748 1833 interemptum
762 1771 847 1834 esse,
862 1750 906 1822 ad
922 1755 1068 1820 mortem
1093 1749 1167 1819 eius
1191 1747 1419 1818 ulciscendam

420 1861 492 1932 sine
513 1885 611 1935 mora
635 1866 702 1936 iter
724 1888 765 1937 eo
786 1867 944 1951 suscepit.
967 1867 1007 1936 In
1031 1873 1135 1950 caput
1158 1865 1274 1949 itaque
1297 1863 1419 1934 Serum

419 1980 652 2066 proficiscitur,
666 1983 726 2053 ubi
741 2005 850 2066 quum
874 1984 1041 2067 pervenit,
1064 1983 1191 2067 reperit
1212 1981 1419 2053 Aladdinum

419 2118 500 2168 eum
513 2099 632 2184 fuisse,
649 2102 708 2185 qui
723 2102 868 2173 fratrem
883 2123 986 2172 suum
999 2123 1133 2172 veneno
1148 2099 1356 2185 peremisset.

503 2215 594 2288 Dum
609 2218 664 2288 hic
678 2240 802 2303 magus
814 2219 851 2288 in
865 2218 1052 2289 diversorio
1079 2219 1229 2303 quietem
1254 2216 1420 2301 capiebat,

419 2353 439 2404 e
452 2335 666 2406 sermonibus
680 2336 808 2406 circum
822 2358 859 2407 se
874 2335 1088 2420 loquentium
1102 2334 1236 2405 audivit
1246 2333 1419 2418 quandam

418 2472 538 2534 sagam
553 2453 743 2537 memorari,
758 2453 895 2524 nomine
917 2453 1096 2536 Fatimam,
1112 2474 1193 2536 quae
1206 2459 1243 2522 et
1256 2451 1420 2522 miracula

417 2566 528 2650 edere,
544 2569 694 2640 dolorem
708 2570 829 2654 capitis
843 2569 1073 2655 quorumdam
1087 2591 1208 2640 curare
1223 2569 1418 2639 consuevis-

417 2691 480 2756 set.
501 2686 578 2769 Ipse
608 2687 764 2771 protinus
792 2687 836 2757 de
866 2687 939 2757 diro
968 2686 1084 2770 aliquo
1108 2685 1239 2770 flagitio
1267 2686 1418 2770 cogitare

418 2803 531 2887 coepit.

500 2921 597 2992 Circa
611 2921 757 2992 mediam
772 2929 908 2992 noctem
919 2921 1027 3004 igitur
1037 2921 1156 2991 cellam
1166 2920 1310 2990 Fatimae
1324 2920 1416 2991 adiit.

417 3037 514 3108 Hanc
537 3038 573 3108 in
597 3046 707 3108 matta
728 3038 955 3109 dormientem
979 3037 1131 3121 offendit,
1156 3037 1267 3121 capite
1296 3037 1418 3121 parieti

416 3155 583 3239 applicito,
599 3177 743 3238 eamque
759 3155 914 3239 protinus
935 3154 1087 3236 suscitat,
1113 3154 1263 3237 pugione
1289 3155 1417 3237 pectori

416 3272 491 3344 eius
505 3273 683 3344 collimato.

499 3389 628 3460 Misella
659 3389 793 3460 Fatima
818 3389 932 3459 oculos
956 3387 1076 3472 aperit,
1104 3387 1252 3471 visisque
1280 3387 1416 3460 homine

415 3513 520 3590 atque
534 3507 695 3592 pugione,
711 3527 920 3590 magnopere
936 3512 988 3576 est
1009 3505 1203 3577 conterrita.

498 3625 652 3696 “Clames
665 3625 776 3706 modo,
791 3631 828 3694 et
841 3645 906 3707 ego
919 3631 956 3693 te
971 3623 1129 3706 protinus
1151 3623 1414 3706 compungam,”

413 3743 598 3827 alloquitur
612 3765 689 3813 eam
705 3763 838 3825 magus.
854 3739 970 3810 “Nihil
984 3742 1063 3811 volo
1083 3739 1148 3809 nisi
1174 3746 1271 3810 tuam
1294 3741 1416 3810 stolam

412 3868 518 3945 atque
532 3868 573 3931 ut
587 3861 724 3931 vultum
739 3880 855 3929 meum
880 3859 915 3928 in
939 3857 1196 3928 similitudinem
1219 3857 1271 3928 tui
1297 3857 1417 3928 vultus

414 3978 611 4049 subornes.'’

496 4095 630 4165 Fatima
645 4093 752 4178 igitur
765 4100 919 4162 tremens
933 4092 1097 4175 exsurgit,
1113 4098 1150 4161 et
1170 4090 1414 4161 indumentum

410 4235 490 4283 cum
518 4233 620 4296 mago
649 4216 848 4282 commutat.
885 4208 1014 4279 Deinde
1043 4209 1179 4279 vultum
1209 4208 1303 4292 magi
1342 4229 1415 4278 cer·
