3522 5156
434 941 476 1012 34
844 957 1036 1015 crruscurn

430 1125 604 1196 existimas
618 1125 709 1196 intro
725 1127 867 1210 venisse,
882 1149 987 1212 quam
1009 1127 1217 1199 matrinam¹¹
1233 1164 1274 1174 —
1289 1129 1439 1200 matrina

431 1249 551 1313 autem
565 1243 745 1314 Ciniseulae
760 1243 841 1314 dia²⁴
856 1243 951 1315 erat!

516 1357 608 1443 “Eia,
623 1359 821 1444 Ciniscula,”
837 1362 968 1432 affatur
982 1383 1058 1433 eam
1072 1363 1232 1446 matrina,
1255 1363 1439 1447 “quidnam

434 1475 485 1546 rei
500 1476 590 1546 est?’'

516 1592 733 1678 “optarem''
747 1597 856 1666 refert
871 1595 1049 1678 Ciniscula,
1066 1595 1117 1680 “o,
1142 1597 1191 1667 ita
1217 1599 1340 1668 vellem
1355 1634 1397 1644 —
1408 1597 1438 1668 !”

431 1709 485 1783 Sic
499 1711 625 1781 affecta
638 1720 713 1783 erat
728 1719 769 1783 nt
783 1735 899 1784 amare
913 1712 1022 1796 fleret,
1037 1735 1100 1784 nec
1117 1715 1323 1786 sententiam
1338 1716 1437 1787 finire

436 1829 577 1900 valeret.

516 1945 578 2030 “A‚
599 1947 635 2016 in
662 1946 815 2017 ballistiis
841 1947 1006 2030 Principis
1030 1949 1235 2032 participare
1261 1950 1400 2022 volebas
1410 1949 1439 2018 !”

435 2065 583 2134 matrina
605 2064 773 2149 explebat.

517 2180 590 2252 “Sic
605 2183 760 2266 profecto
770 2181 799 2250 !”
815 2183 991 2266 suspirans
1006 2183 1181 2267 respondit
1196 2183 1372 2254 Ciniscula

536 2418 576 2470 13.
594 2417 634 2468 Ex
645 2416 775 2470 instituto
790 2415 949 2470 Christiano
960 2417 1105 2484 patrinus
1126 2424 1154 2472 et
1171 2419 1307 2472 matrina
1328 2419 1441 2472 secundi

433 2505 570 2569 parentes,
584 2515 691 2566 nempe,
708 2497 897 2568 spirituales,
914 2502 1014 2568 quippe
1026 2503 1075 2565 qui
1089 2517 1234 2568 sponsores
1247 2509 1313 2556 sunt
1334 2519 1383 2569 pro
1402 2503 1443 2556 in-

433 2585 514 2638 fante
530 2583 701 2649 baptisando.

535 2686 576 2736 14.
594 2681 664 2747 Dio,
685 2699 730 2747 -ω,
746 2691 789 2738 est
799 2685 878 2747 Diva,
886 2685 952 2738 Dea.
965 2685 1013 2737 Uti
1027 2701 1042 2737 e
1053 2685 1157 2738 fabulis
1168 2692 1308 2752 poetemm
1321 2691 1379 2740 tam
1392 2687 1443 2739 Ro-

432 2784 576 2823 manorum
590 2781 674 2831 quam
686 2769 842 2822 Graecorum
855 2769 946 2836 palam
958 2773 1008 2828 est,
1029 2768 1100 2822 Deos
1121 2769 1247 2836 Deosque
1267 2770 1334 2822 vitis
1353 2771 1443 2822 rebus-

434 2867 489 2918 que
499 2851 629 2904 humanis
641 2868 670 2905 se
683 2852 840 2918 ingessisse,
868 2853 944 2905 viros
967 2851 1151 2919 mulieresque
1165 2853 1194 2905 in
1206 2853 1348 2914 animalis,
1365 2854 1443 2906 arbo·

434 2953 486 2998 res,
497 2951 570 2996 saxa,
582 2949 669 2998 eques
686 2935 855 2998 immutasse,
868 2935 941 2989 unde
954 2941 983 2988 et
995 2935 1124 2989 mulieres
1149 2937 1259 3002 magica
1283 2943 1442 2990 exercentes

434 3019 529 3074 Divos
539 3019 635 3080 iulsse;
652 3034 721 3085 quas
734 3019 819 3072 etiarn
830 3025 941 3086 propter
960 3018 1141 3085 sagacitatem
1154 3033 1243 3086 capos
1254 3021 1439 3086 appellarunt.

433 3104 514 3172 Sagae
526 3109 620 3156 tamen
633 3103 678 3155 rel
690 3103 940 3170 atrigeordinsrias
951 3118 1031 3156 senes
1042 3103 1171 3157 mulieres
1183 3119 1244 3157 esse
1254 3103 1442 3166 credebantur,

433 3201 568 3252 quaecum
577 3185 747 3240 daemonibus
759 3186 789 3238 in
803 3187 908 3241 foedere
921 3187 1065 3247 vixissent,
1078 3185 1157 3240 Dirae
1169 3193 1263 3240 sutem
1275 3193 1354 3240 erem
1366 3188 1443 3240 entia

433 3286 545 3338 prorsus
553 3286 601 3336 per
609 3285 647 3323 se.
653 3270 694 3322 Ex
704 3269 789 3336 gestis
795 3270 893 3322 harum
907 3269 994 3330 miris,
1001 3269 1096 3337 utique
1107 3271 1181 3324 fictls
1189 3277 1283 3324 tamen
1292 3271 1376 3337 vulgo
1383 3287 1442 3325 cre·

434 3355 511 3418 ditis,
531 3354 687 3408 fabularum
700 3353 849 3408 multitudo
860 3359 943 3408 enata
957 3359 1007 3416 est,
1020 3355 1173 3420 presertim
1191 3353 1219 3406 in
1238 3354 1356 3417 Perside,
1368 3356 1443 3410 unde

434 3439 538 3494 Arabes
551 3437 715 3498 orientales,
722 3437 752 3490 in
760 3437 929 3504 Chaliphatu
934 3437 1054 3504 Begdad,
1061 3439 1091 3490 in
1098 3439 1232 3500 Africam,
1239 3439 1304 3492 inde
1311 3439 1340 3491 in
1348 3439 1443 3506 Hispa·

433 3523 510 3576 niam
521 3523 695 3582 invexerunt,
705 3533 768 3584 quoe
780 3521 845 3574 inde
858 3537 907 3586 per
915 3520 1062 3574 Frsndm
1074 3527 1103 3574 et
1113 3521 1224 3575 ltaliam
1237 3521 1267 3574 in
1281 3522 1441 3577 universum

434 3606 654 3662 Christianonam
666 3603 762 3658 orbem
778 3603 886 3658 diffuse
910 3609 985 3659 sant.
1012 3605 1107 3658 Latini
1130 3605 1182 3658 has
1206 3605 1291 3659 Diras
1316 3605 1438 3670 Fatum,

434 3689 525 3753 Fato,
541 3693 719 3750 vocaverunt,
733 3688 806 3741 unde
818 3693 846 3740 et
857 3686 939 3742 Fato
951 3687 1109 3755 Morpom,
1135 3689 1209 3753 quod
1228 3691 1392 3744 vocabulum
1412 3691 1442 3746 in

434 3773 560 3834 Francia,
570 3773 600 3825 ln
612 3770 670 3825 Fre
682 3772 863 3839 depravatum
875 3779 925 3834 est,
938 3779 1028 3827 artem
1038 3777 1131 3827 autern
1148 3773 1202 3826 ree
1220 3771 1365 3840 seer-iam
1387 3776 1441 3840 (nti

433 3855 635 3920 infanttriam,
661 3854 859 3921 cavallarium,
887 3855 1077 3920 artilllrt'om)
1101 3870 1199 3910 vocare
1229 3867 1441 3920 consueverunt.

434 3959 489 4012 quo
501 3940 634 3995 vocabulo
645 3940 716 3993 male
728 3939 880 4002 intellecto,
886 3941 972 4007 Angli
982 3939 1106 4003 tlemus
1117 3940 1214 4007 (rairy)
1228 3941 1302 4006 ipsas
1313 3942 1442 3999 mulieres

434 4025 616 4094 appellarant.
634 4023 753 4076 Prohinc
765 4023 902 4077 sincerum
914 4024 1079 4078 vocabulum
1092 4026 1245 4078 Romanum
1257 4026 1440 4090 retinendum,

434 4109 577 4165 fabulosas
589 4109 639 4161 has
652 4107 827 4162 mulierculas
839 4105 926 4172 Dios,
940 4123 973 4162 ae
986 4107 1089 4171 Divos,
1110 4108 1220 4162 fabulas
1241 4115 1334 4162 autern
1360 4111 1442 4166 istius

437 4193 547 4262 generis
562 4189 693 4246 ructas
706 4187 828 4245 Diocles
839 4191 1016 4259 appellandas
1026 4192 1130 4246 censui.
