3522 5156
435 939 477 1009 20
747 953 919 1010 uuonaue
943 955 1119 1010 ninom

429 1119 642 1206 implicitum,
657 1120 782 1192 statuit
794 1141 876 1192 eum
902 1120 1117 1205 obtruncari;
1140 1130 1178 1194 at
1199 1123 1320 1195 incolae
1340 1122 1437 1196 urbis

430 1238 638 1310 Aladdinum
653 1237 857 1321 dilexenmt,
868 1246 904 1309 et
915 1261 1024 1324 ouum
1040 1241 1167 1324 palatio
1181 1240 1316 1313 Sultani
1332 1241 1438 1326 irnpe-

429 1363 517 1438 tum,
532 1354 681 1426 carnifici
693 1358 812 1424 autem
824 1361 972 1426 mortem
992 1356 1248 1442 minitarentur,
1272 1358 1437 1430 Sultanus

430 1472 568 1545 veniam
581 1493 618 1542 se
632 1469 801 1542 Aladdino
820 1493 862 1542 ea
884 1470 960 1556 lege
985 1473 1151 1544 daturum
1179 1475 1372 1560 spopondit,
1394 1482 1437 1547 ut

429 1591 502 1676 ipse
515 1588 658 1672 Regiam
672 1587 792 1658 Filiam
807 1587 1120 1674 Badrulbuduram,
1129 1591 1221 1662 intra
1231 1591 1438 1676 quadragin-

430 1716 469 1780 ta
483 1706 556 1778 dies
571 1713 772 1791 reperturus
792 1715 892 1780 esset.

515 1874 615 1959 Quod
628 1896 711 1945 vero
725 1875 770 1946 ad
784 1873 993 1947 Aluddinum
1011 1874 1148 1958 attinet,
1173 1875 1202 1945 is
1227 1895 1300 1958 prae
1320 1875 1436 1946 dolore

431 2013 530 2077 paene
554 1998 652 2062 extra
677 2013 713 2063 se
741 1999 862 2076 raptus
887 1998 949 2063 est.
972 1993 1156 2063 Proiectus
1176 1992 1295 2077 itaque
1319 2000 1372 2064 est
1393 1991 1437 2064 ad

431 2130 574 2181 uxorem
587 2109 688 2192 longe
702 2109 839 2192 lateque
854 2107 1086 2194 qnaerendam,
1101 2109 1161 2179 sed
1186 2108 1307 2192 utique
1330 2109 1439 2180 incas·

431 2246 519 2308 sum,
534 2224 709 2296 nonenim
729 2225 858 2309 reperit
883 2247 970 2296 eam.
992 2224 1148 2310 Denique
1173 2226 1259 2297 odeo
1284 2226 1438 2310 pendens

429 2342 535 2414 animi
548 2342 664 2413 iactus
678 2349 741 2424 est,
756 2349 798 2413 ut
813 2363 850 2413 se
874 2342 975 2426 aquis
1000 2342 1230 2426 mergendum
1255 2349 1437 2414 statueret.

432 2461 548 2542 Quum
562 2479 645 2529 vero
658 2457 750 2529 fidus
764 2467 854 2530 esset
869 2459 1184 2543 Mohammedanus,
1196 2460 1347 2543 primum
1362 2481 1438 2544 pre-

431 2597 488 2648 oes
503 2575 646 2646 recitare
661 2575 850 2659 constituit,
864 2583 902 2646 et
916 2574 980 2647 hoc
995 2575 1134 2647 consilio
1158 2576 1194 2646 in
1221 2597 1357 2647 amnem
1379 2577 1436 2648 de·

431 2691 571 2774 scendit,
587 2699 629 2763 ut
644 2713 767 2763 manus
781 2694 990 2776 vultumque
1004 2693 1147 2775 lavaret,
1172 2699 1210 2763 et
1233 2693 1292 2776 sic,
1316 2715 1437 2764 secun-

430 2809 516 2881 dum
530 2809 637 2880 ritum
650 2830 686 2879 se
699 2807 743 2880 ad
759 2817 907 2880 mortem
926 2817 1145 2893 praepararet
1176 2811 1223 2881 At
1238 2811 1313 2894 ripa
1327 2811 1438 2882 arnnis

433 2933 509 2997 erat
524 2947 685 3010 praeceps,
700 2925 891 2996 Aladdinus
905 2925 1106 3010 caespitavit,
1130 2947 1170 2997 ac
1195 2927 1260 2998 nisi
1286 2930 1435 3013 scopulo,

435 3043 495 3127 qui
510 3043 569 3112 vix
585 3042 673 3113 binis
687 3041 832 3126 pedibus
846 3063 953 3126 supra
967 3063 1094 3126 aquam
1115 3065 1135 3114 e
1157 3043 1247 3115 saxis
1271 3045 1439 3129 promine-

433 3160 495 3232 bat
509 3159 631 3244 pedem
646 3158 802 3242 illisisset,
817 3167 911 3230 certe
936 3159 971 3228 in
998 3180 1134 3230 amnem
1160 3160 1369 3244 procidisset.
1392 3162 1443 3234 Ut

435 3275 577 3361 proinde
597 3275 758 3346 deorsum
779 3275 944 3359 lapsabat,
967 3275 1032 3345 hoc
1057 3277 1196 3360 scopulo
1221 3285 1385 3363 exceptus
1405 3300 1443 3350 se

435 3392 662 3476 sustentabat,
676 3413 726 3476 ac,
740 3392 830 3463 boni
844 3396 907 3462 sud
921 3394 1074 3476 fortuna,
1089 3395 1248 3479 annulus,
1260 3394 1324 3466 sibi
1337 3417 1359 3466 a
1372 3373 1443 3467 nia·

436 3531 483 3595 go
495 3509 608 3593 datus,
622 3515 659 3580 et
674 3509 833 3594 usquein
849 3507 956 3592 digito
969 3515 1100 3592 gestus,
1115 3531 1197 3581 saxo
1208 3510 1442 3583 affricabatur.

438 3625 568 3698 Eodem
583 3633 712 3710 puncto
727 3625 892 3710 temporis
906 3625 1030 3709 penius
1044 3627 1164 3697 annuli
1178 3628 1380 3712 comparuit.

523 3807 643 3891 “Fare,
658 3807 742 3892 quid
755 3807 818 3879 tibi
832 3808 927 3880 vis?”
942 3809 1068 3894 querit
1078 3809 1211 3894 genius
1223 3809 1376 3883 “Praesto
1386 3813 1445 3885 od-

439 3947 517 3998 sum
531 3925 576 3996 ad
589 3924 653 3996 tibi
667 3924 925 4008 obsequendum
939 3931 982 3998 ut
995 3947 1117 3997 servus
1131 3933 1224 4012 tuus,
1248 3936 1354 4012 atque
1375 3951 1445 4002 ser·

439 4064 507 4114 rus
520 4042 767 4127 cuiuscunque,
781 4041 841 4126 qui
854 4042 946 4114 hunc
967 4044 1136 4114 annulum
1150 4043 1188 4114 in
1201 4043 1309 4129 digito
1323 4053 1443 4130 geron

441 4179 517 4245 ego,
531 4159 716 4244 coeterique
729 4158 821 4230 servi
834 4159 982 4231 annuli.”
