3522 5156
620 979 791 1036 tuomst
819 979 996 1037 murro
1268 967 1309 1038 19

307 1167 388 1220 cnm
402 1169 547 1232 novam3
562 1147 780 1233 experiamur
793 1155 912 1220 utrum
925 1149 991 1222 iste
1005 1170 1132 1221 novam
1147 1150 1222 1222 eius
1235 1150 1309 1222 loco

307 1265 405 1338 nohis
419 1286 543 1337 revera
557 1265 639 1338 dare
653 1266 748 1338 velit

391 1383 500 1468 Regia
513 1383 599 1456 Filia
612 1384 727 1456 iocum
741 1383 894 1469 dignata,
919 1385 1027 1458 mittit
1052 1387 1209 1458 ancillam
1230 1409 1310 1460 cunr

307 1505 457 1586 lucerna,
472 1523 577 1586 quam
591 1509 627 1574 et
637 1523 761 1586 mogus
771 1524 855 1587 erga
863 1524 990 1575 novam
999 1505 1207 1589 perlibenter
1216 1527 1311 1578 emu-

307 1620 406 1703 tavit,
421 1619 514 1704 quod
528 1619 611 1690 satis
624 1620 724 1689 novit
737 1617 775 1690 in
788 1620 849 1690 tali
863 1627 1032 1706 tantaque
1046 1622 1204 1694 Aladdini
1218 1625 1310 1706 pala-

306 1739 355 1810 tio
371 1736 465 1808 haud
480 1737 566 1808 duas
580 1736 739 1808 lucernas
759 1737 921 1822 antiquas
942 1738 1083 1824 reperiri
1108 1761 1216 1824 posse.
1237 1741 1312 1812 Hoc

307 1857 471 1941 perlecto,
485 1876 609 1940 magus
624 1875 660 1926 se
675 1876 695 1925 e
708 1854 821 1926 medio
836 1854 904 1926 cito
919 1856 1069 1940 sustulit,
1093 1856 1242 1929 lucernis
1253 1879 1312 1930 no-

306 1973 409 2045 visin
423 1973 609 2057 angiportu
624 1971 774 2057 quodam
794 1972 946 2056 abiectis,
967 1974 1111 2058 antiquo
1136 1982 1254 2046 autern
1274 1975 1312 2046 in

306 2091 384 2162 sinu
399 2112 462 2162 suo
476 2090 657 2174 diligenter
670 2089 798 2174 abdiu,
812 2089 849 2159 in
862 2111 986 2174 agrum
1001 2091 1190 2164 solitarium
1204 2114 1312 2164 seces-

306 2208 360 2280 sit.
375 2208 440 2279 Hic
455 2210 530 2279 sine
543 2229 641 2279 mora
655 2207 796 2292 genium
810 2207 959 2278 lucemae
973 2209 1140 2281 evocavit.

390 2323 510 2408 “Fare
524 2326 607 2410 quid
622 2325 684 2396 tibi
698 2324 789 2396 vis?”
804 2325 930 2409 quaerit
943 2326 1076 2409 genius
1088 2325 1240 2399 “Proeto
1254 2329 1312 2400 ad·

306 2465 384 2514 sum
398 2443 443 2513 ad
458 2442 520 2514 tibi
535 2442 793 2526 obsequendum
807 2448 848 2512 ut
862 2463 984 2514 servus
1004 2450 1098 2528 tuus,
1122 2451 1228 2529 atque
1242 2468 1312 2518 ser-

304 2583 371 2634 vus
385 2561 620 2645 cuiuscunque
635 2560 695 2644 qui
710 2581 788 2631 eam
801 2559 978 2630 lucernam
993 2560 1029 2630 in
1043 2583 1149 2632 manu
1163 2563 1308 2648 habeat;

305 2701 371 2763 ego
386 2679 571 2762 caeterique
586 2680 735 2749 lucemae
749 2677 871 2747 servi.’'

389 2795 478 2867 “Fac
492 2793 697 2866 transvehas
711 2793 887 2878 palatium,
902 2795 993 2878 quod
1009 2795 1073 2866 hac
1084 2796 1119 2866 in
1131 2797 1218 2868 urbe
1232 2799 1312 2869 aedi·

306 2913 482 2996 ficaveras,
505 2934 575 2983 una
600 2933 680 2982 cum
703 2911 820 2982 incolis
844 2911 919 2982 eius
939 2911 975 2982 in
1000 2920 1133 2983 certum
1148 2915 1260 2985 locum
1275 2915 1310 2986 in

306 3031 454 3114 Africa?
470 3029 644 3113 respondit
656 3049 789 3112 magus

391 3149 457 3220 Vix
471 3170 595 3232 magus
607 3147 704 3218 fatus
717 3152 801 3228 erat,
816 3151 853 3215 et
866 3145 934 3215 iarn
949 3147 1114 3229 palatium
1136 3147 1313 3233 Regiaque

306 3266 390 3337 Filia
404 3265 546 3351 abrepta
560 3273 650 3336 sunt
663 3265 840 3348 Postridie,
852 3286 960 3349 quum
975 3265 1138 3338 Sultanus
1152 3270 1311 3351 surrexit,

304 3384 435 3469 ingenti
451 3389 591 3467 stupore
604 3381 848 3453 animadvertit
861 3383 995 3453 nullum
1016 3384 1183 3467 palatium
1209 3384 1271 3456 sibi
1292 3407 1313 3458 e

306 3501 445 3585 regione
468 3521 541 3572 esse
564 3535 604 3544 —
626 3506 752 3584 praeter
781 3499 907 3570 coelum
936 3520 1076 3584 prorsus
1105 3501 1188 3572 nihil
1218 3501 1311 3573 vide·

306 3617 420 3689 batur.

390 3735 519 3819 Utique
532 3734 656 3818 ingens
680 3734 834 3818 undique
857 3741 932 3804 erat
954 3735 1194 3805 consternatio.
1224 3735 1310 3808 Abs·

306 3873 375 3937 que
387 3873 483 3923 mora
497 3852 623 3922 milites
636 3851 727 3922 missi
744 3858 826 3921 sunt
847 3850 907 3934 qui
931 3849 1146 3933 Aladdinum‚
1173 3852 1231 3935 qui
1253 3874 1312 3924 ve·

306 3977 429 4041 natum
442 3969 620 4053 profectus
634 3976 720 4052 erat,
735 3966 956 4052 exquirerent
979 3974 1017 4039 et
1037 3975 1209 4052 caperent.
1239 3968 1312 4041 Sul·

305 4095 420 4170 tanus,
436 4086 598 4170 quoniam
613 4085 852 4170 suspicabatur
873 4084 1080 4156 Aladdinum
1097 4084 1132 4153 in
1149 4086 1311 4169 rapiendo

306 4227 371 4278 suo
384 4203 492 4288 ipsius
505 4203 641 4287 pontio,
656 4181 833 4286 aegraque
849 4201 934 4272 nna
948 4199 1223 4285 aaamrouuura,
1238 4223 1312 4276 esse
