3522 5156
643 1015 813 1073 cccmus
842 1017 1018 1074 mauouu
1288 1004 1330 1076 27

328 1189 369 1254 tu
393 1202 432 1254 es
455 1191 576 1255 auctor
604 1181 708 1254 huius
737 1183 910 1268 propositi
931 1183 1023 1256 Scito
1048 1205 1131 1269 ergo
1154 1207 1245 1270 eum,
1270 1184 1329 1270 qui

330 1299 416 1372 haue
429 1321 504 1372 rem
518 1301 680 1385 postulat,
694 1301 840 1372 fratrem
854 1321 928 1372 esse
940 1301 1033 1386 mugi
1056 1302 1221 1387 Africani,
1243 1323 1331 1374 esse·

328 1438 396 1502 que
409 1438 490 1488 eum
504 1417 596 1488 domi
610 1424 692 1502 tuae,
707 1418 773 1489 sub
784 1417 894 1502 specie
910 1417 1053 1489 Fatimae
1074 1418 1329 1490 delitescentem

329 1555 432 1618 sagae.
458 1533 574 1618 Porro,
599 1533 777 1606 consilium
799 1533 874 1606 eius
896 1555 970 1606 osse
993 1541 1029 1606 te
1054 1535 1245 1608 tmcidare:
1266 1535 1328 1606 tibi

329 1649 448 1734 itaque
461 1651 579 1722 cave.''

412 1767 475 1838 His
489 1767 587 1840 dictis
601 1768 724 1852 genius
738 1767 890 1840 evanuit

411 1885 602 1958 Aluddinus
615 1893 692 1957 tum
714 1885 865 1970 primum
889 1887 1023 1958 audivit
1049 1887 1218 1959 Fatimam
1239 1885 1331 1957 domi

327 2024 401 2074 suae
412 2003 559 2074 latitare.
574 2003 737 2075 Protinus
750 2003 869 2089 itaque
881 2005 1042 2076 conclave
1064 2005 1188 2090 petivit
1212 2005 1331 2088 Regio

328 2121 432 2204 Filiae,
454 2120 570 2205 ibique
592 2141 629 2191 se
651 2142 695 2190 ex
716 2121 828 2206 eapite
856 2122 1011 2193 laborare
1040 2129 1247 2207 conquestus
1267 2129 1330 2194 est.

328 2238 435 2322 Regia
449 2237 535 2310 Filia
548 2239 717 2310 Fatimam
730 2239 819 2310 illico
833 2239 933 2311 acciri
945 2239 1051 2323 iubet,
1071 2247 1114 2311 ut
1135 2240 1166 2312 ei
1180 2240 1330 2312 medere·

327 2365 395 2429 tur.
418 2357 551 2429 Fatimu
564 2357 860 2442 appropinquabat
872 2358 916 2430 ad
931 2379 1011 2429 eum
1024 2379 1103 2430 cum
1123 2358 1274 2443 pugione
1293 2358 1329 2430 in

327 2475 466 2559 cingulo
479 2474 606 2558 abdito,
621 2475 680 2546 sed
702 2475 892 2547 Aladdinus
916 2497 991 2547 rem
1014 2477 1269 2560 animadvertit,
1289 2499 1330 2548 ac

327 2615 445 2677 manu,
473 2613 553 2678 quae
580 2592 766 2676 pugionem
790 2594 933 2665 tenebat
956 2601 1104 2679 arrepta,
1129 2615 1271 2678 magum
1293 2594 1330 2666 in

328 2711 429 2782 corde
444 2709 624 2780 trausfirrit.

412 2827 473 2913 “0‚
488 2828 536 2899 mi
550 2828 683 2913 marite,
698 2829 781 2914 quid
795 2828 946 2901 fecisti?''
970 2829 1096 2901 clamat
1111 2829 1219 2914 Regia
1235 2831 1329 2903 Filia

330 2945 478 3030 “sagum
491 2953 646 3018 sanctam
657 2946 890 3019 interfecisti.”

411 3063 510 3135 “Mea
523 3065 642 3147 uxor,”
662 3064 846 3148 respondet
868 3064 1068 3148 Aladdinus,
1091 3063 1258 3136 “fratrem
1279 3066 1330 3135 in·

327 3182 449 3252 terfeci
463 3180 556 3266 magi
571 3181 735 3252 Africani.
750 3183 819 3253 Iste
832 3182 935 3253 homo
949 3183 1206 3254 scelestissimus
1220 3185 1330 3255 misel-

327 3301 396 3370 lam
411 3298 579 3370 Fatimam
594 3299 792 3383 trucidavit,
805 3321 842 3370 se
855 3300 930 3370 eius
942 3299 1098 3371 vestibus
1118 3301 1330 3384 subornavit,

327 3417 420 3489 etad
435 3439 491 3488 me
505 3416 727 3488 occidendum
741 3417 811 3488 huc
825 3418 951 3488 venit!

411 3533 464 3607 Sic
485 3534 632 3618 denique
645 3541 699 3606 est
713 3535 902 3607 Aladdinus
914 3557 936 3606 a
950 3535 1242 3620 persecutionibus
1266 3535 1329 3608 du·

327 3674 427 3725 orum
440 3673 621 3737 magorum
634 3653 809 3725 liberatus.
823 3653 990 3738 Deinceps
1002 3653 1074 3738 ipse
1096 3661 1201 3737 atque
1222 3653 1330 3737 Regia

327 3771 413 3842 Filia
427 3769 690 3842 Badrulbudura
701 3771 830 3844 multos
852 3793 960 3842 annos
980 3770 1072 3842 beati
1092 3770 1238 3841 feliciter
1259 3775 1330 3843 una

328 3889 502 3972 vixerunt,
518 3911 557 3960 ac
572 3889 729 3974 denique,
744 3888 886 3961 Sultano
901 3889 974 3961 vita
988 3890 1120 3972 functo,
1141 3888 1331 3961 Aiaddinus

328 4015 407 4094 post
420 4028 500 4078 eum
515 4005 682 4091 regnavit.

667 4229 978 4300 FINIS.
