3540 5156
695 958 801 1012 auor
821 958 867 1011 ar
887 957 1026 1011 Psrcrm
1295 942 1361 1009 211

359 1147 456 1210 psam
484 1125 643 1209 possidet,
672 1133 708 1196 et
731 1125 863 1196 iacebat
888 1123 1077 1207 immobilis,
1103 1131 1139 1194 et
1162 1123 1246 1193 nihil
1268 1122 1362 1193 aliud

359 1263 464 1327 quam
478 1242 650 1313 dormiens
664 1242 821 1313 cadaver.

443 1359 510 1431 Sed
524 1359 664 1444 Cupido,
676 1359 746 1430 iam
761 1358 918 1429 cicatrice
931 1359 1048 1441 solida,
1063 1358 1285 1440 revalescens,
1301 1378 1364 1427 nec

360 1477 529 1549 diutinam
542 1498 615 1547 suae
629 1476 778 1560 Psyches
792 1475 982 1546 absentiam
998 1476 1157 1555 tolerans,
1173 1497 1234 1558 per
1249 1474 1365 1544 arctis·

359 1595 482 1666 simam
494 1592 649 1676 cubiculi,
661 1614 730 1676 quo
745 1593 976 1674 cohibebatur,
991 1591 1150 1675 delapsus
1164 1593 1365 1675 fenestram,

361 1710 568 1793 refectisque
592 1711 714 1793 pennis
738 1709 913 1793 aliquanta
939 1709 1064 1792 quiete,
1090 1710 1191 1792 longe
1215 1707 1365 1779 velocius

360 1827 552 1913 provolans,
568 1826 734 1908 Psychem
748 1827 896 1897 accurrit
910 1847 1017 1908 suam,
1029 1826 1233 1908 detersoque
1247 1845 1366 1895 somno

360 1945 503 2026 curiose,
518 1950 554 2013 et
568 1965 705 2014 rursum
720 1943 755 2012 in
770 1944 950 2026 pristinam
972 1942 1106 2026 pyxidis
1120 1943 1236 2012 sedern
1250 1964 1367 2012 recon-

361 2061 443 2143 dito,
459 2060 626 2143 Psychem
641 2060 779 2130 innoxio
793 2062 960 2144 punctulo
975 2081 1048 2130 suae
1063 2061 1199 2144 sagittae
1212 2059 1364 2130 suscitat.

447 2176 524 2259 “Et,
539 2178 652 2259 ecce,''
667 2177 788 2260 inquit,
815 2176 974 2248 “rursum
1002 2176 1152 2260 perieras
1176 2176 1305 2247 misella
1326 2177 1369 2247 si·

363 2294 433 2364 mili
449 2295 653 2365 curiositate.
675 2293 742 2364 Sed
755 2295 892 2364 interim
916 2293 1054 2377 quidem
1080 2301 1121 2364 tu
1145 2293 1366 2377 provintiam,

365 2433 443 2495 quae
456 2411 519 2480 tibi
533 2411 653 2480 matris
666 2433 753 2480 meae
766 2419 938 2494 praecepto
953 2411 1115 2481 mandata
1130 2417 1191 2493 cst,
1206 2413 1369 2494 exseque-

363 2550 401 2599 re
414 2528 584 2612 gnaviter,
600 2535 725 2598 caetera
739 2537 877 2611 egomet
891 2529 1043 2600 videro.'’

446 2645 508 2715 llis
523 2644 622 2715 dictis
632 2652 765 2715 amator
777 2645 863 2716 levis
876 2647 911 2715 in
925 2667 1055 2730 pennas
1070 2667 1105 2715 se
1120 2645 1224 2728 dedit,
1235 2644 1367 2728 Psyche

363 2785 446 2834 vero
460 2763 640 2832 confestim
655 2762 779 2832 Veneri
794 2785 921 2834 munus
936 2771 1089 2847 reportat
1102 2763 1323 2846 Proserpinae.

448 2880 584 2950 Interea
598 2879 730 2963 Cupido
744 2901 860 2950 amore
874 2881 978 2951 nimio
993 2903 1143 2964 peresus,
1158 2888 1195 2950 et
1208 2901 1304 2963 aegra
1317 2880 1369 2949 fa·

362 2996 412 3068 cie
429 2998 548 3067 matris
562 3019 634 3070 suae
648 2997 862 3080 repentinam
879 2999 1099 3068 sobrietatem
1114 2997 1368 3080 pertimescens,

363 3115 407 3184 ad
422 3114 578 3184 armile¹⁰²
591 3113 689 3197 redit,
705 3114 835 3197 alisque
850 3114 1082 3198 pemicibus¹⁶³
1096 3114 1172 3185 coeli
1188 3119 1368 3195 penetrato

363 3232 503 3314 vertice,
518 3253 644 3315 magno
658 3232 730 3302 Iovi
746 3233 923 3315 supplicat,
939 3253 1105 3316 suamque
1127 3253 1267 3302 causam
1293 3253 1369 3315 pro

364 3349 434 3420 bat.
448 3350 547 3420 Tunc
562 3349 700 3432 Iupiter,
714 3349 882 3433 prehensa
897 3348 1073 3433 Cupidinis
1082 3350 1238 3432 buccula,
1248 3370 1369 3419 manu·

365 3487 433 3550 que
446 3466 491 3536 ad
505 3488 543 3536 os
558 3488 661 3536 suum
679 3467 788 3536 relata
808 3467 1021 3536 consaviat¹⁰⁴
1035 3475 1139 3550 atque
1149 3467 1197 3537 sic
1205 3467 1250 3536 ad
1260 3466 1367 3538 illum:

465 3685 523 3737 162.
541 3683 599 3736 “Ad
611 3683 747 3736 armillum
758 3683 870 3744 redire,”
882 3705 913 3724 ==
927 3683 962 3736 ad
975 3700 1037 3737 suos
1056 3701 1144 3738 mores
1162 3685 1271 3746 reverti,
1292 3683 1365 3751 quod

365 3773 460 3821 auctor
472 3773 566 3820 noster
579 3772 668 3820 mutat
679 3767 709 3819 in
723 3767 773 3820 “ad
787 3767 884 3820 armile
904 3769 976 3821 redit
983 3769 1006 3830 ;”
1026 3768 1061 3821 ad
1078 3768 1321 3822 armamentarium
1334 3793 1364 3803 -

364 3867 445 3905 auum
457 3851 582 3912 -redit,
595 3851 622 3902 h.
635 3866 668 3912 e.,
681 3850 728 3903 ubi
741 3865 817 3904 arma
830 3867 879 3903 sua
890 3858 998 3914 servan
1016 3869 1046 3905 ae
1059 3858 1157 3906 armat.

466 3935 523 3987 16³.
541 3933 685 3996 Facilibus,
715 3933 856 3996 celeribus,
884 3934 994 3998 dextris,
1017 3937 1153 4002 gnaviter,
1171 3936 1274 3998 dextre,
1297 3936 1367 3989 scite

365 4033 458 4086 mre·
466 4102 523 4155 164.
540 4101 644 4168 Nempe
655 4101 748 4163 bucca,
763 4116 817 4162 ore,
830 4101 904 4155 facle
925 4102 1081 4170 Cupidints;
1098 4101 1261 4167 amoveat,
1278 4127 1309 4147 ε-
1323 4104 1368 4157 de·

366 4187 515 4241 osculatur.
