3522 5156
646 1002 815 1059 Lucanus
839 1002 1016 1058 manum
1311 989 1332 1060 7

333 1170 536 1241 vatusenim
547 1170 600 1241 his
608 1170 782 1242 fructibus
792 1193 881 1242 sum.
893 1169 1048 1242 Primum
1059 1171 1142 1243 iuva
1150 1194 1207 1243 me
1217 1193 1333 1244 ascen·

332 1287 423 1370 dere,
436 1293 514 1358 tum
528 1289 705 1359 lucernam
720 1287 782 1359 tibi
798 1287 953 1359 dedam.”

416 1403 539 1475 “Haud
553 1406 634 1488 ita,”
649 1404 760 1475 refert
774 1427 909 1490 magus,
926 1403 1044 1489 “prius
1057 1406 1265 1478 lucernam.’'

413 1521 480 1594 Sed
495 1522 685 1594 Aladdinus
698 1524 874 1618 lucernam
888 1545 999 1608 usque
1020 1545 1060 1596 eo
1082 1546 1101 1594 e
1122 1547 1228 1596 manu
1254 1525 1331 1596 mit·

330 1647 405 1711 tere
419 1641 601 1724 recusavit,
623 1641 730 1712 donec
744 1641 817 1734 ipse
831 1662 851 1711 e
866 1662 952 1712 cavo
974 1642 1183 1718 excessisset.
1206 1643 1333 1727 Magus

332 1757 375 1829 ob
389 1758 425 1829 id
440 1758 476 1828 in
491 1758 668 1844 ingentem
692 1759 846 1833 furorem
871 1767 926 1832 est
948 1768 1079 1846 raptus.
1110 1760 1233 1844 ltaque
1254 1762 1333 1844 plus

331 1875 518 1948 suffimenti
534 1877 570 1948 in
583 1879 700 1962 ignem
714 1879 809 1963 iecit;
830 1886 925 1952 terra
939 1901 1045 1964 super
1058 1900 1183 1950 cavum
1207 1877 1333 1950 claudi·

330 2001 399 2078 tur,
415 1994 582 2066 Aladdino
597 1996 755 2080 usquein
769 2018 910 2068 cavo-
924 1997 969 2070 ad
983 1997 1200 2082 pereundum
1220 2003 1331 2080 capto.

414 2113 505 2183 Puer
519 2112 664 2184 biduum
677 2113 724 2184 ibi
739 2113 884 2197 clausus,
899 2114 972 2186 sine
988 2114 1064 2185 cibo
1080 2135 1119 2185 ac
1134 2120 1219 2198 potu
1245 2120 1332 2184 tem·

329 2250 395 2314 pus
408 2230 533 2314 exegit,
547 2239 658 2302 morte
673 2231 705 2302 ei
718 2231 927 2314 imminente,
942 2231 1036 2302 unde
1049 2251 1258 2316 magnopere
1268 2231 1332 2301 sol·

329 2347 442 2419 licitus
455 2348 564 2432 plexis
578 2348 738 2420 manibus
752 2369 850 2419 orare
865 2349 981 2433 coepit.
1009 2349 1127 2434 Quum
1148 2349 1214 2422 hoc
1234 2348 1330 2432 facit,

330 2487 412 2538 casu
426 2467 604 2550 annulum,
620 2488 723 2550 quem
736 2487 863 2551 magus
877 2466 988 2550 digito
1003 2468 1079 2537 eius
1093 2465 1274 2549 indiderat,
1287 2465 1333 2536 ai·

327 2592 403 2656 tera
430 2605 536 2655 manu
566 2583 727 2656 affricuit.
757 2583 889 2667 Subito,
917 2605 998 2655 cum
1027 2583 1160 2668 ingenti
1189 2590 1330 2668 stupore

328 2702 499 2786 Aladdini,
514 2703 610 2774 mirae
624 2701 872 2788 magnitudinis
887 2701 1021 2787 genius,
1042 2701 1240 2786 turpissimo
1254 2699 1331 2772 vul·

326 2827 377 2905 tu,
393 2842 437 2891 ex
450 2827 544 2892 terra
558 2821 722 2905 exsmgit.

411 2935 530 3022 “Fare,
546 2937 629 3022 quid
650 2937 713 3009 tibi
734 2937 828 3009 visd’
851 2937 998 3023 imperat
1024 2937 1158 3022 genius,
1182 2934 1330 3020 ‘presto

327 3055 449 3128 adsum
463 3054 507 3128 ad
522 3055 781 3140 obsequendum
796 3063 836 3126 ut
849 3076 971 3127 servus
986 3061 1081 3138 tuus,
1092 3060 1198 3138 atque
1208 3073 1331 3124 servus

325 3174 572 3258 cuiuscunque,
586 3173 644 3257 qui
659 3173 827 3244 annulum
840 3173 934 3244 hunc
948 3173 986 3244 in
1000 3172 1111 3257 digito
1125 3177 1242 3255 getae
1264 3190 1329 3253 ego

325 3293 510 3376 cetedque
524 3293 615 3363 servi
630 3291 781 3364 annuli.”

408 3411 599 3482 Aladdinus
617 3411 687 3484 iam
707 3410 744 3480 in
767 3410 874 3482 tantis
898 3407 1070 3492 angustiis
1094 3413 1263 3491 versatus,
1284 3406 1330 3478 ab

325 3527 467 3598 immani
487 3528 589 3612 genio
604 3527 705 3612 plane
719 3527 804 3599 nihil
819 3526 883 3598 sibi
897 3527 1092 3598 timendum
1112 3524 1261 3608 putavit,
1281 3524 1330 3595 id·

326 3645 415 3717 circo
430 3645 479 3717 sie
492 3667 575 3717 eum
587 3645 757 3729 appellat:

408 3761 594 3848 “Quisquis
607 3770 648 3834 tu
662 3761 809 3847 denique
834 3761 890 3845 sis,
904 3761 991 3833 velis
1006 3783 1072 3846 me,
1087 3761 1116 3833 si
1130 3759 1232 3832 modo
1255 3781 1331 3844 pos·

325 3881 381 3965 sis,
396 3903 440 3952 ex
453 3880 519 3954 hoc
533 3880 608 3950 loco
621 3879 798 3951 liberare.”
830 3917 833 3924 λ

298 3996 305 4012 ’
407 3997 511 4070 Haud
524 3997 742 4081 priusverba
756 3997 910 4082 protulit,
939 4019 1044 4082 quam
1066 3997 1136 4069 iam
1159 4019 1197 4068 se
1222 3995 1328 4068 etium

324 4121 424 4186 extra
437 4122 592 4186 montem
606 4135 681 4186 esse
695 4115 813 4199 sensit,
834 4114 907 4200 ipso
932 4114 969 4186 in
989 4135 1030 4186 eo
1053 4114 1137 4199 loco,
1161 4115 1199 4186 in
1223 4133 1327 4198 quem

325 4253 451 4318 magus
463 4255 544 4304 eum
565 4233 677 4317 primo
699 4233 899 4304 deduxerat
921 4231 1010 4304 Hinc
1025 4231 1200 4304 celenime
1222 4251 1328 4316 quam
