3522 5156
486 1595 810 1669 PVLCHRITVDO
833 1596 989 1681 ATQVE
1010 1596 1172 1668 BESTIA

414 2085 547 2242 FvlT
578 2161 807 2246 QVONDAM
839 2167 1011 2232 mercator
1038 2163 1233 2246 opulentus,
1269 2161 1329 2246 qui

331 2300 393 2350 sex
405 2262 554 2351 habebat
568 2279 654 2351 filios
667 2280 881 2364 totidemque
895 2279 990 2350 filias.
1005 2279 1135 2364 Opibus
1149 2279 1204 2350 bic
1218 2279 1267 2350 ita
1281 2281 1333 2351 ai·

330 2395 469 2478 fluebat,
494 2404 536 2469 ut
560 2397 726 2482 quidquid
751 2397 849 2468 iberi
872 2397 926 2467 sni
946 2395 1201 2480 appetivissent,
1227 2397 1332 2468 etiam

329 2512 483 2584 obtinere
496 2520 646 2599 possent.
669 2513 744 2584 Filii
759 2515 813 2584 sni
829 2512 981 2584 candidis
998 2513 1094 2597 equis
1107 2533 1192 2584 auro
1217 2513 1334 2585 iorica-

330 2630 375 2702 tis
387 2629 423 2701 in
433 2631 582 2702 scholam
597 2631 809 2714 equitabant,
820 2631 900 2702 filiae
913 2638 1032 2701 autem
1046 2635 1168 2714 pupas¹
1182 2651 1263 2702 suns
1276 2652 1334 2702 ve-

330 2747 460 2819 sticulis
475 2747 657 2832 gemmatis
671 2747 812 2818 induere
827 2754 1089 2818 consueverunt.
1100 2747 1205 2818 Venit
1218 2753 1334 2818 tamen

330 2863 512 2948 aliqnando
527 2864 608 2948 dies,
623 2862 761 2948 qnando
786 2864 986 2935 nuntiatum
1000 2863 1032 2934 ei
1046 2871 1132 2946 erat,
1146 2886 1183 2958 se
1197 2885 1333 2936 omnem

330 3003 428 3054 suam
442 2981 622 3066 pecuniam
637 2981 832 3065 perdidisse.
852 2981 970 3052 Naves
980 3002 1053 3052 suae
1062 3002 1190 3064 magna
1208 2987 1337 3066 tempe-

330 3106 419 3171 state
433 3098 604 3169 afflictatae
617 3119 657 3168 ac
666 3099 789 3169 iractae
800 3105 892 3180 sunt,
903 3118 1091 3181 earumque
1102 3098 1254 3169 thesauri
1265 3101 1334 3170 una

329 3215 431 3287 mersi
445 3215 482 3285 in
495 3215 607 3286 fundo
622 3217 728 3286 maris
743 3215 911 3286 iacebant
940 3207 1041 3286 Unde
1065 3215 1227 3285 futurum
1249 3223 1334 3299 erat,

329 3339 369 3404 ut
384 3332 475 3404 aedes
489 3353 562 3403 suae
577 3332 730 3416 pnlcbrae
745 3331 905 3415 hortique
931 3331 1054 3402 hastae²
1074 3331 1334 3416 subicerentur,

433 3518 457 3570 1.
474 3515 524 3570 Est
537 3517 628 3583 imago
640 3515 742 3582 lignee,
752 3521 801 3569 aut
814 3531 829 3568 e
840 3531 936 3582 gypso,
949 3516 994 3568 vei
1007 3531 1022 3568 e
1035 3515 1158 3582 qualibet
1169 3515 1294 3578 materia,
1306 3515 1335 3568 in

331 3599 543 3653 similitudinem
554 3599 713 3666 plerumque
732 3599 861 3665 puellule
883 3597 956 3660 ficta,
976 3615 1058 3666 quam
1072 3599 1192 3664 parvule
1205 3598 1335 3652 toemellae

331 3683 458 3736 vectibus
469 3682 596 3744 induunt,
606 3683 635 3734 in
645 3687 755 3748 pectore
767 3682 875 3743 fovent,
887 3686 970 3748 atque
978 3697 1011 3735 ee
1022 3687 1163 3748 tamquam
1175 3681 1283 3748 proprio
1296 3683 1336 3734 in·

332 3783 411 3836 fante
424 3783 551 3836 lusitant.

431 3867 457 3918 2.
478 3863 582 3918 Hasta
601 3863 758 3928 subiicere,
774 3865 833 3917 sive
846 3864 897 3917 snb
910 3863 992 3917 basta
1003 3863 1130 3926 vendere,
1144 3870 1187 3917 est
1199 3865 1272 3918 bona
1283 3881 1338 3918 mo·

328 3947 403 4010 bilia,
414 3954 464 4002 aut
476 3948 635 4009 immobilia,
651 3953 761 4014 propter
773 3947 872 4008 debita,
884 3947 994 4013 publica
1004 3948 1141 4010 auctione,
1159 3946 1333 4012 licitatione,

330 4031 496 4086 altissimum
509 4032 629 4099 pretinm
640 4031 769 4085 offerenti
782 4031 911 4085 vendere.
928 4031 987 4084 bins
999 4031 1074 4083 enim
1087 4037 1146 4084 erat
1159 4031 1230 4098 apud
1243 4031 1339 4084 Rome·

331 4129 383 4168 nos
394 4131 442 4182 per
453 4130 607 4181 preconem
619 4112 748 4178 hatum,
763 4115 822 4168 sive
834 4115 968 4176 lanceam,
993 4119 1058 4167 ente
1077 4113 1167 4167 locum
1186 4114 1215 4166 in
1235 4119 1336 4168 terrem

332 4199 461 4266 defigere,
475 4199 569 4266 sicque
582 4204 781 4266 pretereuntes
792 4198 827 4250 ad
839 4197 975 4264 publicam
988 4198 1143 4252 auctionem
1155 4198 1283 4253 invitare.
