3540 5156
580 1608 752 1679 AMOR
787 1607 862 1678 ET
898 1607 1141 1679 PSYCHE

446 2100 633 2253 ERANT
654 2175 705 2245 IN
727 2174 921 2260 QVADAM
941 2173 1081 2245 civitate
1106 2195 1167 2244 rex
1181 2181 1216 2243 et
1229 2172 1358 2256 regina.

361 2291 406 2362 Hi
421 2299 491 2362 tres
505 2314 651 2363 numero
665 2293 761 2375 filias,
772 2293 886 2362 forma
895 2292 1104 2375 conspicuas,
1118 2291 1281 2372 habuere;
1298 2290 1359 2361 sed

360 2409 504 2480 maiores
518 2409 656 2494 quidem
670 2416 766 2492 natu,
781 2411 940 2494 quamvis
952 2409 1147 2493 gratissima
1160 2409 1281 2493 specie,
1292 2408 1362 2478 ido-

359 2549 435 2598 neae
459 2535 576 2599 tamen
601 2527 763 2599 celebrari
784 2549 882 2612 posse
902 2527 1061 2599 laudibus
1074 2527 1233 2597 humanis
1246 2527 1360 2598 crede·

360 2644 505 2727 bantur;
527 2652 660 2715 atvero
675 2645 797 2728 puellae
819 2643 961 2715 iunioris
983 2651 1055 2714 tam
1080 2643 1261 2728 praecipua,
1287 2650 1359 2713 tam

360 2765 523 2846 praeclara
535 2763 752 2846 pulchritudo
766 2785 829 2834 nec
844 2761 999 2846 exprimi,
1021 2783 1061 2832 ac
1084 2783 1128 2832 ne
1152 2761 1360 2832 sufficienter

360 2879 497 2963 quidem
522 2879 655 2950 laudari
682 2880 846 2950 sermonis
872 2880 1015 2950 humani
1043 2881 1186 2963 penuria
1214 2886 1358 2964 poterat

359 2997 460 3069 Multi
473 2997 620 3082 denique
633 2998 770 3080 civium,
785 3004 820 3068 et
835 2998 979 3068 advenae
998 2997 1132 3082 copiosi,
1147 3020 1232 3082 quos
1245 3001 1360 3072 eximii

359 3116 542 3199 spectaculi
566 3137 683 3187 rumor
707 3115 861 3186 studiosa
889 3117 1087 3187 celebritate
1115 3118 1358 3200 congregabat,

358 3233 520 3304 inacessae
535 3233 758 3303 formositatis
772 3233 995 3304 admiratione
1008 3234 1159 3317 stupidi,¹
1183 3242 1219 3304 et
1244 3234 1358 3304 admo·

358 3357 481 3420 ventes
503 3351 619 3421 oribus
643 3351 713 3421 suis
736 3351 924 3433 dexteram,
955 3351 1102 3435 primore
1117 3351 1223 3435 digito
1237 3352 1273 3421 in
1288 3374 1360 3422 ere·

358 3473 454 3536 ctum
468 3468 620 3550 pollicem
636 3467 817 3548 residente,
832 3474 872 3537 ut
887 3467 994 3550 ipsam
1008 3489 1149 3551 prorsus
1173 3469 1280 3539 Deam
1295 3470 1360 3541 Vc·

358 3604 486 3667 nerem,
509 3584 673 3668 religiosis
697 3584 951 3654 adorationibus
979 3585 1243 3656 venerabantur.
1273 3586 1357 3656 Iam·

358 3721 426 3784 que
448 3701 620 3784 proximas
640 3701 808 3783 civitates,
833 3708 869 3770 et
892 3701 1057 3784 attiguas²
1086 3702 1243 3785 regiones
1263 3703 1359 3774 fama

358 3823 567 3900 pervaserat,
583 3818 700 3898 Deam,
716 3838 819 3900 quam
833 3817 999 3887 caerulum
1013 3817 1224 3900 profundum
1246 3819 1359 3904 pelagi

357 3933 501 4017 peperit,
516 3940 553 4002 et
575 3954 631 4003 ros
656 3935 891 4017 spumantium
905 3933 1075 4003 fluctuum
1099 3934 1268 4019 educavit,
1289 3935 1358 4006 iam

460 4154 483 4205 1.
501 4151 658 4218 stupentes,
671 4153 812 4206 mirantes.

458 4239 483 4289 2.
502 4235 659 4302 contiguas,
675 4236 789 4290 vicinae
