3518 5152
431 929 494 1000 126
815 945 896 998 enar
917 945 1057 999 onorem

428 1133 566 1197 quaque
580 1117 680 1182 nocte
706 1132 864 1196 surgens,
889 1119 1029 1182 secutus
1054 1133 1130 1182 eam
1154 1119 1207 1182 est
1229 1113 1431 1195 clanculum,

429 1230 585 1314 viditque
600 1249 676 1300 eam
691 1250 794 1300 suum
809 1249 956 1312 parvum
971 1229 1166 1300 cubiculum
1180 1229 1321 1300 intrare.

513 1347 658 1418 Animus
671 1347 764 1430 regis
777 1346 812 1415 in
826 1346 917 1416 diem
931 1347 1043 1430 magis
1057 1346 1250 1418 contristari
1264 1347 1383 1431 coepit;
1397 1347 1433 1418 id

429 1465 556 1536 Elisam
585 1485 654 1534 non
682 1463 881 1547 praeteribat
905 1465 1045 1534 tametsi
1067 1485 1207 1534 causam
1230 1465 1431 1548 ignorasset„

430 1582 658 1655 Mutationem
673 1579 757 1664 regii
772 1579 876 1650 animi
891 1580 1069 1664 aegerrime
1078 1581 1224 1665 ferebat,
1238 1589 1275 1652 at
1288 1589 1434 1666 quantos

430 1701 562 1772 dolores
591 1697 701 1769 cordis
727 1697 801 1780 ipsa
826 1718 896 1767 non
920 1697 1055 1768 terebat
1069 1699 1184 1782 gratia
1197 1720 1340 1770 suorum
1365 1701 1434 1771 fra·

430 1816 543 1890 truml
574 1815 751 1899 Lacrymae
765 1836 808 1884 ex
822 1814 1008 1885 acerbitate
1033 1815 1096 1886 sibi
1122 1815 1374 1900 oboriebantun
1395 1839 1435 1888 ac

430 1957 492 2020 per
520 1933 650 2018 regiam
678 1953 868 2016 purpuram
889 1931 1127 2016 decurrebant,
1152 1939 1331 2019 tamquam
1355 1935 1434 2005 ada·

430 2059 574 2124 mantes.
590 2050 666 2133 Alii,
680 2050 740 2134 qui
755 2056 861 2120 testes
881 2056 980 2120 eram
994 2071 1067 2122 suae
1080 2052 1353 2136 magnificentiae,
1367 2073 1436 2122 sor·

430 2177 503 2242 tem
517 2169 591 2240 eius
605 2167 815 2238 invidebant.
837 2165 934 2238 Circa
946 2167 1021 2237 hoec
1034 2174 1200 2252 tempora,
1221 2175 1348 2252 praeter
1361 2169 1436 2240 uni·

430 2309 517 2371 cam,
529 2287 600 2357 iam
615 2305 733 2355 omnes
747 2283 925 2354 subuculae
938 2292 1069 2368 parata
1082 2292 1190 2356 erant„
1213 2286 1270 2369 At,
1292 2307 1354 2370 pro
1376 2286 1434 2357 do·

430 2406 492 2489 lor,
508 2411 544 2475 et
557 2403 615 2473 fila
628 2401 830 2473 deficiebant
845 2437 887 2447 -
901 2423 945 2472 ne
959 2423 1030 2472 una
1045 2402 1184 2486 quidem
1199 2405 1435 2488 urticasuper·

432 2529 517 2594 erat
533 2520 604 2592 Sibi
617 2518 721 2591 semel
744 2525 894 2601 tantum,
907 2539 971 2589 nec
984 2519 1139 2602 amplius,
1154 2520 1190 2590 in
1205 2521 1435 2604 sepulcretum

433 2636 671 2724 prodeundum
686 2641 770 2718 erat,
785 2635 1004 2718 pugillusque
1025 2635 1232 2708 afferendus
1263 2637 1342 2709 Non
1363 2639 1435 2709 sine

432 2763 581 2828 tremore
610 2753 652 2824 de
677 2773 720 2822 ea
743 2751 893 2822 solitaria
917 2751 1159 2836 ambulatione,
1174 2775 1214 2824 ac
1228 2754 1270 2825 de
1291 2754 1437 2826 horridis

432 2873 524 2958 sagis
538 2891 654 2942 secum
668 2868 844 2953 cogitavit,
859 2869 952 2953 quod
966 2874 1083 2939 tamen
1098 2891 1214 2941 secum
1227 2872 1438 2959 decreverat,

432 2997 505 3062 tam
518 2995 593 3060 erat
606 2987 757 3069 firmum,
772 3007 874 3069 quam
891 2985 1004 3056 suain
1019 2985 1091 3056 Deo
1106 2985 1239 3058 fiducia.

516 3104 607 3176 Elisa
627 3102 785 3187 prodivit,
801 3123 861 3172 rex
875 3109 1003 3185 autem,
1027 3109 1133 3186 atque
1156 3105 1437 3192 Archiepiscopus

431 3229 562 3296 secreto
577 3243 654 3292 eam
675 3217 918 3303 sequebantur,
941 3226 1116 3304 testesque
1140 3221 1286 3293 fuerunt
1310 3225 1436 3296 oculati

430 3340 505 3412 eius
519 3339 555 3410 in
570 3337 799 3422 sepulcretum
822 3336 1006 3419 ingressus
1034 3337 1149 3421 Quum
1163 3338 1199 3408 hi
1213 3340 1353 3424 propius
1377 3363 1437 3412 ve·

428 3457 569 3540 nissent,
598 3454 762 3525 viderunt
777 3475 878 3538 sagas
902 3453 938 3522 in
962 3453 1061 3538 cippo
1086 3454 1254 3539 sedentes,
1279 3463 1321 3527 ut
1344 3457 1436 3530 Elisa

430 3595 489 3645 eas
505 3573 654 3654 viderat;
676 3592 738 3642 rex
751 3592 788 3641 se
802 3570 940 3654 avertit,
966 3571 1092 3655 quippe
1107 3572 1167 3655 qui
1181 3573 1327 3644 credidit
1348 3597 1434 3658 eam,

430 3712 510 3775 quae
523 3690 597 3774 ipsa
611 3689 675 3759 hac
690 3694 787 3759 nocte
802 3693 907 3772 caput
927 3709 1030 3759 suum
1044 3687 1080 3758 in
1095 3695 1216 3772 pectus
1240 3689 1315 3761 eius
1343 3691 1436 3762 recli-

429 3807 590 3889 navisset‚
606 3806 697 3876 inter
711 3805 785 3875 illas
800 3804 939 3875 versari.
966 3803 1079 3889 “Esto,
1101 3805 1228 3876 iudicet
1253 3829 1337 3891 ergo
1358 3829 1435 3879 eam

429 3926 576 4010 populus
585 3923 614 3992 l'
637 3923 686 3993 ait
700 3943 770 3992 rex.
793 3921 945 4004 Populus
970 3929 1088 3992 autem
1112 3943 1188 3992 eam
1210 3921 1357 3994 dammis
1377 3925 1437 3996 ad·

428 4041 605 4113 iudicavit.

513 4157 645 4242 Regina
659 4157 775 4240 itaque
791 4177 810 4225 e
825 4155 1009 4240 splendidis
1019 4156 1124 4240 regiae
1139 4157 1227 4228 aulis
1238 4157 1275 4228 in
1290 4178 1436 4241 opacum
