3522 5156
407 975 430 1044 4
722 987 891 1043 nuceam
919 989 1094 1043 mannua

492 1155 577 1240 “ita,
590 1155 692 1239 iuit,”
707 1155 883 1240 respondit
897 1155 1096 1240 Aladdinus,
1112 1155 1192 1228 “sed
1203 1159 1260 1229 ille
1269 1162 1337 1230 iam
1350 1162 1413 1233 du·

408 1275 493 1346 dum
506 1281 665 1344 mortuus
679 1273 764 1344 est'’

489 1390 562 1462 Hoc
586 1389 704 1462 audito
734 1390 937 1474 peregrinus
962 1390 1171 1462 Aladdinum
1195 1395 1412 1477 amplexatus

409 1515 472 1580 est.

490 1623 609 1696 “Eheu
619 1625 649 1696 !”
662 1625 776 1709 inquit
800 1625 866 1708 ille,
893 1622 990 1696 “sero
1015 1625 1133 1710 itaque
1157 1627 1247 1698 veni.
1272 1629 1410 1701 Etenim

406 1765 473 1828 ego
486 1744 598 1814 irater
611 1763 688 1813 sum
703 1741 812 1826 patris
826 1741 889 1825 tui,
904 1741 998 1812 etad
1013 1741 1195 1814 visendum
1209 1766 1289 1817 eum
1306 1768 1325 1818 e
1339 1749 1412 1819 lon·

406 1861 536 1946 ginquo
550 1859 641 1930 veni.
657 1859 769 1930 Morte
795 1880 875 1930 eum
900 1859 1084 1944 abreptum
1108 1882 1183 1932 esse
1206 1883 1299 1946 aegre
1324 1866 1411 1936 fero.

406 1977 483 2061 Adi,
498 1978 646 2060 obsecro,
669 1977 717 2046 mi
739 1975 797 2060 fili,
818 1983 964 2047 matrem
994 1985 1109 2060 tuam;
1130 1979 1219 2050 affer
1245 1981 1293 2051 illi
1323 1983 1413 2055 hanc

406 2099 620 2166 emmenum*
634 2095 807 2178 pecuniae;
822 2094 945 2177 indica,
960 2093 1016 2178 sis,
1028 2095 1113 2164 mihi
1138 2096 1199 2167 ubi
1222 2097 1297 2181 ipsa
1319 2100 1413 2171 habi·

404 2219 467 2297 tet,
481 2211 636 2296 velisque
646 2211 679 2282 ei
690 2211 851 2284 nuntiare
859 2233 915 2282 me
925 2211 1039 2282 visum
1056 2233 1133 2282 eam
1147 2214 1413 2288 adventurum'’

488 2329 676 2400 Aladdinus
690 2337 815 2400 cuncta
836 2329 911 2400 haec
938 2331 1094 2412 perfecit.
1115 2330 1229 2402 Mater
1254 2354 1318 2404 sua
1340 2356 1413 2406 ma·

404 2468 555 2533 gnopere
585 2445 777 2518 mirabatur
811 2447 910 2531 pueri
936 2447 1047 2517 relata
1075 2469 1184 2531 quum
1210 2449 1411 2536 audivisset,

405 2563 496 2649 quod
510 2563 682 2634 nesciebat
695 2563 806 2634 ullum
819 2563 966 2634 fratrem
976 2564 1092 2634 mariti
1106 2565 1159 2636 sui
1173 2565 1209 2635 in
1223 2568 1412 2653 vivisesse

405 2688 562 2753 attamen
576 2699 685 2762 quum
700 2679 880 2763 pecuniam
895 2680 939 2750 ab
953 2702 994 2751 eo
1009 2680 1147 2752 missam
1169 2686 1412 2772 conspexisset,

402 2799 472 2869 mm
485 2796 569 2867 nihil
584 2795 758 2867 dubitavit
772 2817 853 2867 eum
874 2796 1034 2868 Aladdini
1055 2807 1219 2882 patruum
1244 2823 1329 2886 esse,
1349 2805 1412 2876 ita-

404 2937 473 3000 que
486 2914 649 2998 postridie
662 2935 796 2984 coenam
810 2915 986 2999 opiparam
1000 2915 1032 2986 ei
1047 2918 1191 3000 paravit.

488 3032 643 3113 atvero,
658 3037 700 3101 ut
713 3052 793 3101 mox
808 3038 983 3115 repertum
997 3039 1060 3114 est,
1075 3035 1256 3118 peregrino
1270 3037 1316 3107 iiii
1331 3060 1412 3109 cum

404 3148 573 3220 Aladdino
589 3149 685 3218 nulla
698 3147 836 3218 omnino
851 3149 923 3219 fuit
937 3149 1087 3233 agnatio,
1102 3151 1163 3222 sed
1176 3173 1327 3236 nequam
1337 3163 1414 3227 erat

405 3287 529 3349 magus
543 3265 738 3342 Africanus.
753 3265 813 3348 qui
826 3286 891 3348 ope
906 3267 1031 3348 egebat
1051 3266 1195 3339 alicuius
1214 3269 1258 3340 ad
1280 3292 1415 3356 compa·

405 3382 531 3453 randos
544 3382 734 3466 thesauros,
750 3381 874 3466 quibus
888 3382 960 3465 ipse
975 3383 1077 3466 potiri
1090 3385 1266 3468 nequibat.

492 3499 605 3583 Igitur
619 3521 743 3583 magus
757 3499 855 3570 venit
879 3498 924 3570 ad
948 3521 1092 3584 coenam,
1118 3501 1337 3576 deosculatus
1357 3514 1413 3578 est

406 3615 559 3700 viduam,
574 3617 713 3687 vocavit
727 3637 804 3686 eam
817 3617 987 3700 fratriam,
1003 3619 1181 3702 multaque
1206 3623 1414 3694 munuscula

273 3717 277 3726 ’
405 3733 605 3806 eidonavit
628 3733 796 3816 Quaesivit
819 3733 909 3817 dein,
933 3734 1107 3817 quodnam
1131 3735 1304 3821 opificium
1325 3760 1414 3824 puer

406 3856 592 3934 exerceret,
608 3871 718 3933 quum
729 3871 813 3921 vero
826 3871 915 3934 puer
928 3851 1101 3934 pendente
1116 3853 1227 3937 capite
1237 3853 1353 3926 fassus
1363 3877 1415 3927 es·

506 4053 530 4104 1.
549 4047 711 4114 emmam,
728 4064 773 4114 -ι,
787 4051 905 4115 loculus,
922 4051 1047 4116 locellus,
1069 4058 1111 4106 est
1134 4054 1296 4120 plerumque
1321 4070 1356 4108 ex
1371 4071 1416 4110 co·

405 4133 735 4273 :iroffluffmhm'
744 4133 897 4200 prasertim
914 4134 1096 4198 chartaceum,
1109 4137 1139 4190 in
1151 4137 1269 4191 sacculis
1277 4138 1410 4205 gerimus,
