3554 5156
429 925 491 994 112
815 937 896 992 rum
917 936 1055 992 OlDRES

427 1107 463 1178 in
486 1106 632 1177 adversa
651 1126 712 1176 ora
734 1106 848 1188 maris,
871 1105 930 1176 sed
952 1105 1136 1176 admodum
1151 1107 1277 1179 dissita
1308 1109 1363 1180 Ad
1384 1111 1425 1180 ed

424 1225 695 1309 perveniendum
709 1245 846 1295 necesse
861 1223 959 1294 nobis
972 1229 1026 1294 est
1039 1224 1110 1294 alta
1119 1225 1227 1296 maria
1237 1227 1425 1311 pervolare,

425 1363 489 1413 nec
502 1341 572 1412 ulla
586 1341 622 1413 in
635 1340 747 1412 medio
761 1347 813 1412 est
827 1341 948 1424 insula,
962 1341 999 1410 in
1013 1361 1082 1423 qua
1096 1348 1201 1414 noctu
1212 1343 1427 1428 conquiesce·

426 1482 463 1531 re
479 1479 644 1544 queamus
652 1481 661 1541 ;
683 1458 784 1528 unica
798 1479 841 1529 ex
854 1457 956 1528 undis
970 1458 1099 1528 eminet
1111 1479 1225 1543 rupes,
1239 1460 1276 1530 in
1291 1482 1361 1544 qua
1376 1483 1428 1532 sa·

425 1576 470 1648 tis
484 1576 585 1660 spatii
597 1575 786 1659 reperimus
799 1573 843 1645 ad
858 1575 1061 1658 erigendam
1071 1582 1216 1660 noctem,
1231 1577 1318 1648 alter
1332 1578 1428 1650 iuxta

425 1693 573 1764 alterum
597 1699 692 1763 arcte
714 1698 854 1762 stantes.
875 1690 1004 1763 Noctes
1028 1691 1074 1762 ibi
1099 1693 1235 1776 agimus
1256 1693 1293 1764 in
1315 1695 1429 1766 forma

424 1811 586 1892 humana,
602 1808 662 1880 ubi
676 1807 763 1879 mari
778 1815 947 1879 aestuante
963 1809 1142 1893 aspergine
1162 1810 1359 1895 mademus3
1380 1813 1429 1883 ni·

424 1929 494 2000 hilo
518 1933 635 1998 tamen
662 1926 782 2010 secius,
809 1925 853 1997 ob
878 1927 971 1996 hunc
992 1926 1187 2010 quiescendi
1212 1929 1324 1998 locum
1337 1931 1428 2013 grati

424 2066 553 2128 sumus,
568 2043 719 2126 alioquin
733 2042 871 2114 charam
885 2049 1040 2113 nostram
1055 2043 1202 2127 patriam
1215 2044 1325 2116 visere
1341 2067 1427 2116 nun·

424 2183 531 2246 quam
544 2181 734 2245 possemus.

509 2277 601 2348 “Has
615 2283 732 2347 tamen
747 2282 887 2359 patrum
901 2282 1098 2347 nostrorum
1112 2275 1211 2348 sedes
1234 2277 1346 2348 visere
1370 2299 1431 2349 no·

423 2395 476 2466 bis
490 2394 594 2466 semel
607 2400 745 2464 tantum
759 2392 795 2462 in
810 2413 901 2462 anno
915 2392 1004 2462 licet
1025 2391 1080 2463 Ad
1095 2392 1164 2463 huc
1177 2394 1427 2477 pervolandum

421 2510 557 2583 duobus
578 2531 720 2593 egemus
742 2508 872 2592 diebus,
894 2509 949 2580 hic
971 2509 1096 2580 morari
1121 2517 1239 2580 autem
1264 2511 1424 2583 undecim

420 2627 556 2700 nonnisi
569 2626 643 2697 dies
656 2626 743 2708 licet,
760 2647 828 2710 quo
844 2633 997 2709 tempore
1020 2633 1155 2696 vastam
1179 2626 1268 2698 hanc
1289 2628 1422 2710 sylvam

421 2745 647 2830 pervolemus,
662 2743 755 2814 unde
769 2743 900 2826 regiam
913 2744 1060 2815 solemus
1083 2745 1260 2828 speculari,
1283 2746 1345 2816 ubi
1365 2767 1425 2830 pa-

421 2869 476 2934 ter
487 2870 605 2933 noster
629 2860 772 2942 habitat,
796 2860 989 2944 turrimque
1013 2861 1141 2944 templi,
1165 2861 1201 2932 in
1223 2883 1293 2945 quo
1314 2869 1426 2934 mater

421 2986 541 3050 nostra
554 2978 689 3062 sepulta
702 2977 800 3048 iacet
822 2976 959 3048 Etenim
980 2977 1035 3048 hic
1048 2977 1105 3048 vel
1119 2977 1258 3049 arbores
1272 2999 1313 3050 ac
1326 2980 1428 3051 fruti·

423 3117 479 3167 ces
493 3102 650 3178 cognatae
662 3094 762 3166 nobis
774 3100 915 3178 parent;
936 3093 991 3164 hic
1006 3095 1086 3178 equi
1111 3094 1267 3166 indomiti
1289 3117 1428 3181 campos

422 3214 526 3286 soluti
541 3234 651 3296 usque
667 3213 869 3296 persultant,
883 3211 935 3282 uti
950 3211 1163 3296 temporibus
1187 3212 1344 3296 pueritiae
1365 3235 1425 3286 no·

422 3337 521 3412 st1oe3
542 3329 597 3399 hic
618 3328 808 3400 carbonarii
830 3347 941 3412 usque
956 3349 1015 3400 eas
1029 3328 1193 3400 melodias
1205 3328 1250 3399 ad
1264 3351 1425 3402 numeros

421 3446 653 3528 modulantur,
668 3445 712 3516 ad
726 3465 813 3530 quos
838 3445 935 3529 pueri
958 3447 1083 3516 saltare
1106 3445 1315 3529 solebamus;
1337 3446 1425 3518 desi-

421 3563 516 3637 derio
529 3563 635 3633 huius
647 3583 757 3648 usque
778 3569 954 3645 tenemur:
976 3585 1026 3646 ac,
1041 3563 1199 3647 denique,
1212 3561 1268 3634 hic
1282 3570 1329 3647 te,
1345 3565 1426 3636 dile·

421 3688 478 3753 cta
499 3680 681 3763 sororcula,
707 3679 912 3763 reperimus!
934 3679 988 3750 Ad
1010 3679 1065 3750 hic
1087 3678 1292 3751 morandum
1316 3701 1426 3765 usque

420 3797 565 3869 biduum
578 3796 677 3867 nobis
691 3803 859 3881 superest,
874 3803 951 3867 tum
966 3796 1011 3868 ad
1025 3795 1296 3880 perveniendum
1323 3797 1359 3869 in
1379 3799 1427 3870 al·

421 3923 532 3988 teram
555 3913 740 3998 regionem,
764 3933 843 3998 quae
867 3913 1010 3996 pulchra
1033 3914 1172 3998 quidem
1188 3919 1251 3996 est,
1278 3914 1339 3984 sed
1352 3936 1423 3986 non

420 4039 538 4104 nostra
550 4031 671 4114 patria,
692 4051 788 4102 mare
812 4029 910 4101 nobis
933 4031 1217 4103 transvolandum
1239 4032 1315 4104 erit
1346 4031 1427 4117 Qui-

421 4169 503 4220 nam
517 4155 553 4218 te
566 4147 744 4220 nobiscum
758 4149 947 4220 vehemus?
961 4147 1065 4220 Nulla
1088 4148 1186 4220 nobis
1210 4149 1311 4221 navis
1334 4149 1427 4220 esti·
