3554 5156
592 946 850 1000 Puucrnununo
870 946 993 1010 Arous
1014 945 1140 999 susm
1328 929 1367 998 71

370 1113 447 1184 dine
462 1121 537 1184 erat
550 1135 662 1196 aegra;
685 1121 837 1183 attamen
854 1135 961 1196 quum
976 1113 1101 1195 liceret,
1112 1119 1148 1182 et
1165 1135 1208 1182 ex
1219 1114 1312 1182 fame
1327 1112 1370 1182 si·

369 1231 439 1301 mul
453 1230 633 1314 laboraret,
649 1231 732 1314 ipsa,
748 1253 826 1300 cum
843 1238 942 1314 patre
956 1233 1035 1314 und,
1051 1231 1180 1300 famem
1195 1251 1292 1300 suam
1317 1231 1369 1300 ad-

368 1349 470 1417 fatim
486 1348 623 1418 levavit.

450 1464 593 1536 Coenam
607 1487 675 1534 non
690 1473 771 1535 ante
784 1465 971 1535 finiverunt
986 1487 1089 1549 quam
1102 1465 1225 1548 ingens
1233 1463 1368 1546 boatus,

369 1583 491 1653 saevior
506 1605 610 1666 quam
624 1582 696 1652 sive
711 1584 812 1666 tauri,
837 1583 909 1652 sive
935 1569 1049 1664 leonis,
1071 1583 1166 1652 aulas
1180 1581 1297 1665 palatii
1319 1602 1370 1650 re·

366 1721 491 1770 sonans
504 1701 727 1783 percucurrit,
738 1721 845 1782 quum
860 1699 1007 1784 denique
1017 1700 1131 1770 Bestia
1141 1721 1256 1770 coram
1266 1721 1369 1782 appa-

367 1818 446 1888 ruit.
463 1817 684 1888 Pulchritudo
701 1817 848 1888 brachiis
866 1818 1018 1902 paternis
1026 1818 1207 1901 desperata
1217 1839 1254 1887 se
1264 1816 1371 1900 appli-

365 1935 446 2005 cuit.
467 1936 578 2004 Vixse
589 1957 661 2019 prae
676 1943 806 2006 terrore
823 1936 1044 2006 acorruendo
1059 1935 1233 2005 continere
1248 1935 1367 2004 valuit.

449 2050 597 2122 “Haecne
624 2061 676 2122 est
706 2053 774 2122 filia
803 2075 881 2136 quae
905 2053 972 2122 huc
996 2075 1059 2123 sua
1081 2059 1203 2135 sponte
1227 2052 1365 2122 venit?”

366 2171 491 2252 quaerit
520 2169 643 2239 Bestia.
679 2168 778 2252 “Ipsa
807 2169 889 2238 mihi
919 2191 988 2239 non
1017 2168 1155 2239 videtur
1184 2168 1367 2238 admodum

369 2286 489 2357 velle.”

448 2403 671 2475 Pulchritudo
686 2405 765 2474 inde
778 2405 945 2476 intellexit
966 2427 1002 2475 se
1025 2427 1094 2474 non
1125 2405 1207 2474 satis
1232 2403 1367 2474 civilem

364 2521 559 2606 praebuisse.
575 2523 702 2605 Magno
717 2523 833 2606 itaque
863 2530 988 2593 conatu
1004 2543 1041 2592 se
1054 2544 1076 2592 a
1089 2529 1188 2605 patre
1213 2520 1367 2602 retraxit,

364 2660 468 2722 seque
483 2638 518 2708 in
533 2639 722 2722 politiorem
736 2639 892 2710 habitum
906 2641 1024 2724 erexit,
1050 2639 1184 2709 etiamsi
1209 2635 1366 2708 omnibus

364 2756 509 2827 artubus
523 2764 696 2827 tremeret.

446 2873 588 2945 “Salvus
602 2875 657 2956 sis,
674 2875 721 2943 mi
736 2875 858 2958 Here,”
872 2876 970 2944 fatur
984 2875 1092 2958 igitur
1106 2875 1190 2958 ipsa.

445 2990 568 3062 “Haud
583 2993 719 3075 expedit
734 3000 769 3062 te
779 2993 830 3062 ita
840 3015 895 3062 me
905 2993 1061 3075 vocare,”
1072 2993 1120 3062 ait
1131 2992 1256 3062 Bestia.
1269 2991 1363 3075 “Ego

360 3110 489 3179 etenim
505 3110 620 3179 Bestia
633 3131 719 3192 sum,
734 3117 775 3179 tu
789 3116 906 3179 autem
923 3109 1156 3180 Pulchritudo.
1179 3109 1294 3180 Satius
1309 3115 1362 3179 est

359 3249 415 3297 res
429 3227 573 3310 propriis
586 3226 779 3297 nominibus
792 3248 925 3296 vocare.
949 3226 1134 3310 Propriane
1156 3234 1219 3297 tua
1241 3233 1361 3310 sponte

361 3345 427 3414 huc
442 3343 568 3414 venisti
577 3343 613 3412 ?''

442 3458 526 3543 “Sic,
542 3483 634 3545 sane,
649 3482 725 3530 mea
742 3461 888 3531 Bestia.’'

444 3577 609 3648 “Factum
624 3579 720 3648 bene.
742 3579 797 3649 Tu
813 3580 927 3662 vero,”
943 3580 991 3649 ait
1007 3579 1123 3649 Bestia
1136 3579 1180 3649 ad
1194 3584 1359 3648 mercato·

358 3719 433 3768 rem
448 3715 622 3778 conversa,
644 3694 740 3765 “cras
762 3696 903 3766 domum
925 3696 998 3766 ibis.
1022 3697 1061 3766 ln
1086 3695 1241 3766 cubiculo
1255 3695 1361 3764 conti·

359 3834 439 3898 guo,
454 3813 515 3884 ubi
529 3813 617 3883 hanc
632 3819 768 3882 noctem
783 3813 909 3897 exiges,
932 3835 987 3883 res
1012 3813 1178 3896 quasdam
1202 3813 1359 3898 reperies,

359 3951 446 4014 quas
459 3930 572 4002 licebit
587 3930 650 4000 tibi
665 3936 780 4000 tecum
796 3930 935 4001 domum
957 3932 1096 4000 referre.
1119 3931 1282 4000 Faustam
1296 3928 1359 4000 tibi

359 4049 515 4119 noctem!
538 4047 622 4118 Vale
631 4047 661 4117 !'’

442 4165 504 4236 His
518 4165 646 4236 auditis
660 4173 828 4236 mercator
844 4165 1006 4250 discessit,
1021 4187 1146 4250 eosque
1172 4166 1260 4236 solos
1285 4166 1360 4236 reli-
