3554 5156
443 917 509 990 106
821 933 903 990 ιω
930 933 1068 990 ornans

442 1106 478 1174 et
491 1100 596 1174 etiam
609 1123 755 1173 moerore
769 1101 819 1172 ita
831 1108 907 1174 erat
916 1102 1051 1186 obruta,
1060 1109 1102 1173 ut
1110 1101 1328 1174 nullaaliare
1339 1123 1443 1187 quam

440 1218 575 1290 ardenti
594 1219 756 1303 fratrum,
780 1219 816 1289 in
840 1219 1009 1291 mundum
1032 1221 1263 1304 expulsorum,
1278 1218 1445 1292 desiderio

440 1341 629 1420 teneretur,
644 1342 686 1407 ut
699 1357 816 1408 secum
829 1335 1021 1408 firmissime
1036 1343 1206 1408 statueret
1219 1357 1278 1408 eos
1292 1336 1445 1422 require·

442 1474 480 1525 re
493 1460 598 1538 atque
614 1455 774 1538 reperire.

526 1571 605 1642 Non
620 1570 679 1642 diu
694 1569 831 1644 errabat
844 1571 881 1643 in
895 1572 1010 1656 sylvis,
1031 1593 1137 1656 quum
1151 1572 1188 1642 in
1201 1571 1302 1644 devia
1315 1571 1444 1656 incidit,

442 1689 575 1759 interea
588 1687 901 1773 advesperascente,
913 1711 995 1760 mox
1007 1691 1113 1761 etiam
1133 1697 1234 1760 nocte
1249 1688 1447 1774 superveni·

442 1810 532 1887 ente,
548 1805 656 1877 donec
669 1805 705 1876 in
719 1805 912 1890 caliginosis
922 1807 1073 1878 tenebris
1082 1809 1188 1878 solam
1202 1829 1239 1878 ae
1253 1805 1445 1890 reperisset

444 1921 564 2005 ltaque
587 1943 624 1994 se
647 1923 683 1993 in
706 1925 842 1995 mollem
862 1945 1020 1996 muscum
1044 1924 1189 2007 demisit,
1215 1922 1445 2009 precibusque

442 2039 647 2123 vespertinis
672 2041 743 2112 Deo
765 2041 897 2124 oblatis,
920 2049 1024 2126 caput
1045 2063 1150 2113 suum
1171 2047 1294 2114 munao
1314 2040 1446 2112 arboris

442 2156 616 2241 applicuit.
638 2157 853 2230 Altissimum
865 2158 901 2229 in
916 2158 1021 2243 sylvis
1046 2166 1123 2230 erat
1144 2159 1337 2242 silentium
1359 2179 1446 2229 aura

442 2281 518 2346 erat
531 2275 656 2359 tepida,
671 2283 708 2347 et
721 2277 757 2347 in
772 2277 887 2348 herbis
900 2277 1155 2361 imticibusque
1175 2275 1315 2360 circum
1331 2282 1444 2346 cente·

442 2412 498 2461 nae
512 2391 683 2463 cicindelae
699 2393 892 2477 (tamquam
907 2394 1088 2466 candentia
1100 2395 1226 2476 sidera)
1238 2391 1447 2478 spargebant

443 2507 607 2591 languida
629 2509 759 2580 lumina
781 2531 844 2582 sua
867 2511 1025 2594 virentia,
1048 2518 1085 2582 et
1110 2510 1245 2594 quoties
1259 2509 1447 2594 quemlibet

443 2645 580 2696 ramum
596 2628 651 2698 vel
666 2627 811 2698 molliter
835 2629 1010 2712 attigerat,
1030 2629 1132 2700 mites
1151 2627 1335 2710 cicindelae,
1359 2633 1446 2698 tam·

443 2763 548 2828 quam
562 2743 720 2815 cadentia
734 2744 854 2829 sidera,
870 2746 905 2816 in
920 2767 957 2816 se
971 2746 1182 2818 decidebant

526 2859 618 2930 Elisa
632 2867 707 2932 tota
731 2868 832 2932 nocte
847 2861 890 2933 de
904 2862 1072 2933 fratribus
1094 2861 1296 2932 somniabat
1318 2861 1447 2933 Omnes

443 2977 570 3048 iterum
584 2979 720 3062 parvuli
734 2986 843 3063 erant,
858 2979 1024 3052 ludebant
1045 2982 1126 3063 una,
1150 2979 1345 3051 scribebant
1368 2979 1448 3050 ada·

443 3093 607 3166 mantinis
619 3097 739 3180 pennis
753 3097 789 3167 in
804 3097 1064 3182 pugillisaureis
1073 3103 1110 3168 et
1120 3097 1341 3182 aspectabant
1356 3096 1448 3168 libel·

445 3211 517 3283 lum
530 3211 662 3296 pictum
673 3213 824 3297 ingentis
836 3214 947 3298 pretii.
968 3213 1035 3285 Sed
1055 3214 1156 3285 modo
1170 3213 1239 3284 iam
1252 3235 1321 3285 non
1337 3222 1449 3288 rectas

447 3337 510 3402 aut
523 3351 647 3402 curvas
662 3331 778 3416 lineas,
792 3331 901 3403 veluti
924 3332 1065 3416 ungulis
1087 3332 1283 3415 gallinaceis
1302 3333 1450 3417 scalptas

444 3447 675 3520 scribillabant
698 3485 741 3495 —
764 3449 833 3520 iarn
858 3471 922 3520 sua
942 3450 1104 3534 praeclare
1130 3456 1238 3533 gesta,
1253 3449 1449 3522 discrimina

444 3571 617 3649 superata,
645 3564 906 3651 descripserunt,
934 3567 971 3637 in
996 3567 1109 3638 libello
1132 3573 1251 3638 autem
1277 3566 1448 3638 illustrato

445 3687 570 3753 cuncta
583 3682 701 3752 vivere
714 3682 939 3764 videbantur;
960 3683 1105 3755 aviculae
1118 3705 1241 3754 revera
1268 3683 1448 3768 canebant,

444 3798 510 3870 viri
524 3808 629 3883 atque
643 3801 803 3872 mulieres
816 3823 836 3871 e
850 3799 963 3871 libello
977 3800 1106 3884 egredi,
1130 3807 1236 3884 atque
1251 3822 1330 3872 cum
1346 3801 1447 3885 Elisa,

444 3915 680 4000 fratribusque
695 3918 838 4002 colloqui
852 3917 1029 4002 parebant.

528 4033 641 4118 Quum
655 4034 747 4105 Elisa
760 4035 947 4120 evigilavit,
969 4035 1018 4106 sol
1041 4035 1110 4106 iam
1135 4036 1236 4119 longe
1262 4034 1447 4107 scandebat

446 4149 522 4224 coeli
535 4149 686 4236 fastigia.
700 4151 778 4236 Ipsa
792 4152 928 4236 quidem
943 4151 1008 4222 hoc
1021 4152 1138 4224 videre
1159 4151 1326 4236 nequivit,
1349 4153 1448 4224 celsae
