3540 5156
662 983 767 1038 nuos
789 983 834 1038 ur
856 983 995 1038 rsrcnu
1265 968 1333 1038 20³

328 1151 463 1223 iontem
479 1151 684 1239 respiciunt?
708 1173 791 1224 oves
804 1152 851 1222 ibi
864 1152 1024 1236 nitentes,
1050 1151 1194 1236 aurique
1220 1151 1333 1221 colore

330 1267 500 1354 florentes,
514 1267 719 1340 incustodito
733 1277 835 1352 pastu
858 1277 1039 1354 vagantur.
1064 1269 1149 1340 Inde
1171 1267 1214 1340 de
1235 1287 1334 1338 coma

331 1385 469 1470 pretiosi
482 1385 616 1457 velleris
639 1385 785 1457 floccum
798 1386 882 1456 mihi
896 1386 1087 1470 confestim,
1108 1407 1247 1470 quoquo
1261 1405 1332 1454 mo

333 1503 377 1574 do
391 1503 585 1587 quesitum
600 1503 737 1586 afferas,
751 1504 903 1574 oenseo.”

414 1621 569 1692 Perrexit
583 1620 714 1705 Psyche
724 1623 880 1692 volenter
893 1642 962 1692 non
978 1621 1181 1706 obsequium
1194 1621 1333 1705 quidem

330 1738 387 1809 illa
401 1739 575 1823 iunctura,
590 1738 650 1810 sed
665 1739 816 1822 requiem
833 1741 1001 1810 malorum
1021 1738 1209 1823 praecipitio
1232 1737 1333 1808 fluvi-

331 1855 393 1926 alis
407 1856 503 1939 rupis
527 1855 697 1926 habitura
713 1855 779 1928 Sed
792 1856 872 1926 inde
885 1877 907 1926 a
920 1855 1027 1927 fluvio
1050 1855 1192 1928 Musica
1215 1855 1332 1926 suavis

330 1972 513 2055 nutricula,
527 1973 593 2043 leni
608 1973 741 2057 crepitu
756 1972 865 2043 dulcis
877 1993 973 2044 aurae
998 1972 1165 2044 divinitus
1188 1971 1331 2056 inspira·

328 2096 376 2172 ta,
392 2089 439 2160 sic
454 2089 663 2162 vaticinatur
676 2090 818 2161 Anrndo
832 2089 967 2161 viridis:

414 2204 575 2290 “Psyche,
590 2207 697 2278 tantis
710 2207 874 2278 aerumnis
888 2207 1047 2292 exercita,
1061 2229 1174 2292 neque
1188 2213 1252 2277 tua
1269 2205 1333 2276 mi·

331 2321 472 2393 serrima
484 2331 595 2394 morte
609 2344 704 2394 meas
718 2331 853 2394 saumas
867 2344 976 2407 aquas
1000 2325 1141 2408 polluas,
1164 2345 1228 2394 nec
1249 2343 1334 2393 vero
1399 2379 1408 2402 ,

331 2446 451 2510 contra
478 2440 708 2512 formidabiles
735 2461 818 2511 oves
842 2440 941 2511 istius
966 2462 1036 2511 orae
1063 2441 1155 2512 feras
1177 2441 1333 2522 aditum;

330 2555 422 2639 quod
447 2557 490 2628 de
515 2556 601 2628 Solis
620 2557 802 2642 flagrantia
815 2565 978 2629 mutuato
990 2558 1111 2640 calore,
1132 2557 1221 2628 truci
1236 2556 1334 2627 rabie

330 2675 441 2745 solent
455 2675 582 2759 efferri,
598 2697 773 2759 cornuque
783 2682 896 2759 acuto,
907 2683 943 2746 et
953 2677 1069 2747 fronte
1079 2697 1192 2758 saxea
1203 2682 1239 2745 et
1249 2696 1334 2746 non-

329 2812 507 2876 nunquam
521 2793 701 2864 venenatis
715 2793 885 2865 morsibus
898 2794 934 2864 in
948 2793 1092 2866 exitium
1107 2793 1229 2864 saevire
1246 2813 1336 2863 mor-

330 2909 462 2981 talium.
482 2909 548 2982 Sed
562 2909 645 2982 dum
658 2911 818 2982 meridies
832 2911 918 2982 Solis
929 2911 1101 2984 sedaverit
1115 2931 1288 2996 vaporem,
1299 2915 1336 2981 et

329 3048 438 3110 pecua
451 3027 592 3112 spiritus
606 3027 755 3100 fluvialis
779 3029 963 3100 serenitate
985 3027 1255 3112 conquieverint,
1277 3049 1336 3111 po·

330 3145 414 3216 teris
428 3145 492 3216 sub
505 3145 563 3215 illa
577 3145 811 3230 procerissima
824 3146 973 3229 platano,
988 3167 1066 3229 quae
1080 3167 1216 3216 mecum
1231 3145 1335 3216 simul

331 3283 441 3332 unum
453 3261 623 3333 fluentum
637 3263 733 3347 bibit,
747 3265 894 3334 latenter
904 3270 942 3333 te
951 3262 1168 3347 abscondere,
1177 3270 1214 3334 et
1225 3283 1334 3346 quum

330 3379 481 3464 primurn
496 3379 655 3463 mitigata
667 3381 761 3451 furia
775 3380 966 3451 laxaverint
981 3400 1065 3451 ovas
1077 3379 1244 3476 animum,
1260 3399 1336 3462 per·

330 3496 438 3567 cussis
450 3496 632 3569 frondibus
646 3499 770 3581 attigui
793 3497 951 3580 nemoris,
972 3498 1129 3568 lanosum
1143 3519 1267 3568 aurum
1284 3517 1336 3567 re·

332 3614 452 3698 peries,
467 3615 560 3698 quod
575 3615 700 3698 passim
715 3614 878 3699 stirpibus
891 3635 1086 3685 connexum
1100 3613 1335 3685 obhaerascit’*

415 3730 470 3803 Sic
484 3731 626 3802 Arundo
641 3731 784 3816 simplex
797 3739 833 3801 et
845 3731 1008 3814 humana,
1034 3731 1201 3816 Payehem
1227 3751 1337 3815 aeger·

331 3847 454 3920 rimam
465 3849 612 3920 salutem
636 3869 735 3920 suam
749 3847 902 3921 docebat
919 3847 992 3919 Nec
1006 3849 1202 3920 auscultatu
1229 3847 1337 3933 poeni-

329 3967 434 4040 tendo
448 3967 631 4050 diligenter
643 3967 811 4038 instructa
826 3967 883 4038 illa
897 3965 1054 4050 cessavit,
1069 3966 1129 4037 sed
1144 3965 1339 4037 observatis

329 4084 498 4170 omnibus,
512 4087 686 4157 lumbino
699 4084 802 4167 facili,
817 4083 976 4154 flaventis
996 4083 1073 4154 auri
1095 4084 1237 4154 mollitie
1257 4104 1338 4154 con-

331 4209 469 4288 gestum
483 4203 655 4288 premium
670 4201 795 4273 Veneri
809 4207 972 4285 reportat
1008 4199 1082 4272 Nec
1106 4209 1223 4272 tamen
1243 4198 1337 4285 apud
