3540 5156
452 923 516 994 166
787 941 894 995 Arion
913 941 960 994 rr
980 941 1118 996 rsrcrrn

452 1127 585 1178 sorores
598 1108 665 1178 illae
677 1108 823 1179 maiores
836 1117 962 1179 cuncta
975 1118 1218 1193 cognoverant,
1241 1131 1457 1194 propereque

451 1233 586 1296 moectae
609 1233 715 1308 atque
738 1226 914 1309 lugubres,
935 1227 1071 1296 deserto
1086 1227 1219 1309 Lare;⁵²
1231 1228 1388 1297 certatim
1409 1227 1456 1297 ad

449 1351 633 1426 parentum
662 1363 803 1413 suorum
831 1351 1063 1427 conspectum,
1090 1345 1306 1428 affatumque
1340 1365 1456 1428 perre-

448 1467 581 1529 nerant.

532 1576 583 1646 Ea
595 1583 696 1648 nocte
709 1577 754 1647 ad
769 1600 868 1648 suam
883 1578 1051 1661 Psych-
1064 1579 1112 1648 sic
1127 1579 1230 1648 infit⁵³
1243 1580 1389 1650 maritus
1409 1615 1453 1627 -

449 1715 599 1776 namque
613 1701 740 1777 praeter
761 1696 885 1778 oculos,
900 1703 936 1765 et
950 1695 1109 1766 mambus
1123 1703 1159 1765 et
1172 1696 1314 1766 auribus
1328 1699 1455 1768 sentie-

450 1811 554 1882 batur
574 1847 615 1858 -

533 1927 696 2012 “Psyche
710 1929 916 2014 dulcissima,
931 1938 967 2000 et
981 1930 1085 2000 chara
1105 1953 1203 2014 uxor,
1229 1931 1365 2002 exitiale
1389 1933 1456 2002 tibi

448 2045 638 2130 periculum
652 2047 804 2116 minatur
819 2047 973 2117 Fortuna
995 2048 1130 2130 saevior,
1155 2048 1247 2132 quod
1269 2050 1452 2120 observan-

448 2162 532 2233 dum
546 2163 712 2247 pressiore
727 2166 860 2235 cautela
874 2186 1006 2234 censeo.
1030 2164 1170 2235 Sorores
1184 2165 1252 2236 iam
1267 2173 1350 2249 tuae,
1364 2189 1455 2237 mor·

446 2279 493 2351 tis
507 2281 664 2365 opinione
679 2283 839 2364 turbatae,
850 2289 1022 2365 tuumque
1032 2283 1218 2366 vestigium
1228 2285 1453 2368 requirentes,

446 2399 651 2482 scopulum⁵⁴
665 2399 770 2470 istum
791 2399 950 2483 protinus
970 2401 1128 2470 aderunt.
1154 2401 1309 2485 Quarum
1335 2403 1455 2485 siquas

446 2515 707 2587 lamentationes
721 2517 900 2600 acceperis,
915 2539 1029 2600 neque
1055 2518 1269 2601 respondeas,
1291 2519 1361 2588 imo
1387 2541 1453 2590 noc

446 2633 631 2716 prospicias
644 2634 792 2704 omnino.
808 2634 991 2717 Caeterum,
1016 2633 1101 2704 mihi
1127 2635 1267 2718 quidem
1292 2637 1455 2719 gravissi-

448 2772 544 2821 mum
559 2751 719 2835 dolorem,
733 2751 795 2822 tibi
809 2773 893 2822 vero
908 2774 1081 2822 summum
1092 2752 1223 2824 creabis
1235 2753 1409 2824 exitium.”

531 2869 673 2952 Annuit,
697 2876 734 2939 et
758 2891 802 2940 ex
826 2870 968 2941 arbitrio
992 2870 1106 2940 mariti
1130 2892 1167 2940 se
1189 2871 1363 2941 facturam
1376 2893 1452 2954 spo

446 2987 576 3072 pondit.
597 2985 663 3057 Sed
678 3007 719 3056 eo
733 2986 835 3058 simul
849 3009 929 3057 cum
943 2995 1043 3058 noete
1058 2987 1198 3072 dilapso,
1223 2989 1314 3058 diem
1337 2995 1452 3058 totum

446 3103 605 3188 lacrymis
628 3125 669 3173 ac
692 3104 914 3188 plangoribus
938 3105 1070 3175 misella
1091 3104 1278 3175 consumit:
1301 3127 1336 3175 se
1357 3127 1452 3176 nunc

447 3221 596 3292 maxirne
620 3241 760 3304 prorsus
782 3221 920 3305 periisse
942 3221 1082 3304 iterans,
1107 3243 1188 3305 quae
1203 3221 1294 3292 beati
1308 3221 1454 3293 carceris

446 3336 602 3409 custodia
624 3343 730 3420 septu,
753 3345 788 3408 et
813 3338 974 3409 humana
994 3338 1261 3410 conversationis
1284 3339 1453 3423 colloquio
1471 3319 1474 3327 ¹

447 3456 599 3541 viduatu,
624 3481 669 3529 ne
692 3457 865 3530 sororibus
880 3457 1018 3540 quidem
1031 3457 1103 3528 suis
1116 3456 1160 3527 de
1174 3479 1210 3528 se
1225 3456 1455 3528 moerentibus

445 3596 545 3659 opem
560 3576 744 3646 salutarem
759 3577 862 3657 ferre,
877 3596 916 3645 ac
932 3596 976 3644 ne
989 3573 1106 3644 videre
1121 3595 1180 3644 eas
1193 3574 1331 3657 quidem
1342 3573 1450 3644 omni·

444 3713 490 3764 no
512 3699 636 3776 posset.
658 3693 732 3764 Nec
754 3693 900 3775 lavacro,
925 3713 989 3762 nec
1013 3692 1099 3775 cibo,
1122 3713 1186 3762 nec
1208 3692 1280 3762 ulla
1299 3691 1452 3774 denique

444 3807 630 3881 refectione
645 3817 808 3893 recreata,
816 3808 903 3879 flens
913 3807 1063 3879 ubertim
1073 3808 1218 3880 decessit
1226 3809 1269 3879 ad
1280 3829 1450 3878 somnum

547 4011 589 4064 52.
607 4011 720 4065 Deserto
733 4010 879 4064 domicilio.

548 4095 589 4148 5³.
608 4094 749 4161 Loquitur,
762 4094 871 4148 affatur.

547 4177 588 4231 54.
607 4175 656 4230 Ad
667 4179 807 4244 scopulum
821 4177 913 4231 istum.
