3540 5156
438 960 500 1031 162
774 975 878 1030 maon
898 977 944 1030 nr
965 976 1102 1030 Psrcaa

438 1143 527 1225 dam,
543 1151 579 1212 et
592 1143 628 1212 in
642 1143 716 1226 ipso
731 1143 858 1227 scopuli
871 1143 1001 1214 vertice
1023 1142 1215 1227 deflentem,
1238 1144 1331 1215 mitis
1352 1167 1438 1216 aura

438 1261 584 1331 molliter
599 1261 759 1345 spirantis
771 1260 927 1344 Zephyri,
949 1261 1092 1332 vibratis
1105 1261 1184 1331 hinc
1197 1262 1277 1332 inde
1299 1262 1437 1347 laciniis,

437 1385 473 1447 et
488 1378 607 1447 reflato
622 1377 697 1448 sinu
713 1377 838 1447 sensim
853 1378 1013 1460 levatam,
1028 1401 1091 1448 suo
1106 1379 1288 1462 tranquillo
1315 1380 1436 1463 spiritu

440 1496 576 1578 vehens,
592 1495 758 1578 paulatim
772 1516 833 1579 per
847 1495 978 1565 devexa
1000 1496 1141 1566 excelsae
1167 1496 1265 1566 vallis
1290 1497 1438 1567 subditae

436 1611 590 1682 florentis
603 1611 752 1695 csaepitis
765 1612 896 1695 gremio
909 1613 1032 1682 leniter
1045 1612 1227 1696 delapsam,
1242 1615 1393 1684 reclinat.

520 1746 650 1829 Psyche
664 1747 792 1816 teneris
806 1753 843 1816 et
856 1746 1009 1816 herbosis
1027 1747 1107 1817 locis
1121 1746 1244 1831 inipso
1258 1753 1370 1831 ῒοτο,87
1384 1770 1437 1819 ro·

435 1864 516 1933 scidi
531 1863 705 1947 graminis,
720 1869 854 1934 suave³⁸
868 1864 1046 1946 recubans,
1061 1870 1160 1934 tanta
1170 1865 1295 1935 mentis
1304 1873 1438 1949 pertur-

434 1981 572 2051 batione
587 1981 716 2064 sedata,
741 1981 839 2052 dulce
859 1980 1072 2065 conquievit;
1093 1981 1231 2065 iamque
1256 1983 1436 2054 sufficienti

433 2104 588 2168 recreata
602 2121 730 2182 somno,
745 2098 918 2182 placidiori
938 2101 1090 2182 resurgit
1111 2100 1234 2169 animo.
1265 2100 1367 2170 Videt
1387 2102 1436 2171 lu-

433 2237 513 2285 cum
528 2215 678 2299 proceris
691 2223 726 2285 et
740 2217 847 2286 vastis
862 2216 1041 2286 arboribus
1050 2219 1220 2286 consitum
1228 2239 1237 2299 ;
1252 2217 1347 2287 videt
1361 2218 1436 2287 fon·

434 2341 506 2402 tem
521 2333 632 2403 vitreo
642 2333 767 2402 latice³⁹
777 2333 1000 2417 perlucidum,
1014 2332 1123 2402 medio
1134 2334 1201 2402 luci
1212 2334 1436 2404 meditullio.⁴⁰

432 2450 542 2535 Prope
556 2450 664 2521 fontis
678 2453 846 2533 allapsum
862 2451 983 2522 domus
997 2450 1093 2534 regia
1107 2458 1171 2534 est,
1186 2451 1352 2521 aedificata
1366 2473 1435 2521 non

432 2569 593 2639 humanis
607 2567 776 2650 manibus,
791 2569 851 2638 sed
866 2568 991 2639 divinis
1009 2569 1152 2639 artibus.
1174 2569 1246 2638 lam
1267 2569 1370 2638 scires
1391 2569 1435 2640 ab

431 2690 574 2759 intr0itu
586 2689 705 2773 primo,
717 2688 780 2758 Dei
791 2687 979 2770 cuiuspiam
988 2686 1203 2756 luculentum
1214 2692 1251 2756 et
1261 2709 1436 2756 amoenum

432 2807 548 2876 videre
564 2813 599 2876 te
614 2804 877 2875 diversorium.⁴l
905 2803 997 2873 Nam
1014 2824 1148 2872 summa
1161 2804 1336 2886 laquearia
1349 2805 1436 2875 citro

431 2931 467 2994 et
483 2924 586 2994 ebore
599 2923 730 2993 curiose
744 2928 876 3004 cavata,
888 2921 1038 2992 subeunt
1048 2942 1163 2990 aureae
1176 2922 1344 2990 columnae
1352 2943 1361 3002 ;
1376 2943 1435 3005 pa·

431 3041 534 3111 rietes
549 3062 666 3110 omnes
680 3045 844 3122 argenteo
859 3039 1032 3108 caelamine
1053 3044 1295 3120 conteguntur,
1319 3037 1436 3108 bestiis

431 3166 468 3229 et
492 3159 640 3241 idgenus
664 3157 852 3241 pecudibus
875 3156 1114 3226 occurentibus
1140 3156 1183 3224 ob
1204 3177 1242 3225 os
1262 3155 1435 3224 introeun-

530 3480 572 3533 ³7.
590 3481 684 3533 Lecto.

530 3583 572 3634 38.
590 3579 694 3642 Soooa,
708 3579 844 3642 susciten
861 3576 957 3640 dulce,
978 3579 1102 3640 dulciter,
1129 3579 1226 3632 formae
1238 3578 1327 3642 poetis
1339 3582 1434 3642 grate.

531 3684 573 3736 ³9.
591 3683 678 3736 Omne
702 3681 844 3747 liquidum,
866 3679 1017 3747 praesertim
1037 3695 1121 3746 aqua;
1138 3695 1209 3745 aqua
1228 3677 1348 3744 limpida,
1367 3683 1435 3731 tam-

430 3782 514 3834 quam
527 3766 638 3826 vitrum,
650 3765 820 3830 crystallum,
833 3764 1016 3816 translucens.

532 3868 574 3919 40,
593 3863 807 3927 Maditullium,
823 3870 961 3931 tamquam
982 3863 1108 3925 medulla,
1129 3863 1200 3929 quod
1221 3868 1263 3915 est
1282 3861 1434 3915 arctissime

392 3999 395 4005 .
430 3951 460 4003 in
471 3950 570 4011 medio,
583 3965 645 4017 pars
656 3948 772 4010 intima;
790 3946 876 4000 lucus
898 3953 941 4000 est
963 3947 1054 4000 minor
1077 3947 1162 4012 sylva,
1186 3945 1336 4012 presertim
1354 3945 1428 3999 intra

431 4036 520 4097 urbes,
534 4040 582 4087 aut
593 4049 688 4101 prope;
705 4047 811 4084 nemus,

530 4133 843 4187 41.Nonhabitaa11um
855 4130 1031 4192 ordinarium,
1045 4130 1092 4184 aed
1104 4130 1182 4192 aedes,
1195 4129 1336 4195 palatium
1348 4128 1433 4182 etiam

431 4221 527 4274 domna
540 4216 711 4282 quotidiana,
721 4231 774 4283 quo
786 4215 850 4282 quia
858 4231 887 4268 se
898 4215 928 4266 in
941 4214 1048 4276 itinere,
1060 4215 1128 4267 urbe
1139 4213 1290 4280 peregrina,
1302 4209 1433 4266 divertit.
