3554 5156
394 901 457 972 104
769 915 851 970 uum
880 913 1018 970 onorius

393 1081 578 1165 lectitabat,
590 1088 786 1166 ventusque
804 1102 867 1167 per
880 1082 964 1153 folia
973 1081 1076 1153 libelli
1085 1081 1331 1167 perstrepebat,
1342 1101 1394 1152 ro·

392 1200 569 1284 geritque,
578 1198 765 1280 “Quisnam
773 1207 809 1270 te
819 1200 947 1285 pietate
957 1199 1139 1283 superat
1151 1198 1294 1283 “Elisa”
1303 1199 1395 1270 libel·

394 1318 448 1388 lus
463 1316 671 1401 hymnorum
687 1316 871 1402 respondit
892 1319 966 1389 Nec
980 1317 1071 1402 quod
1082 1339 1178 1402 rosae,
1192 1317 1393 1401 libellusque

394 1435 602 1518 hymnorum
616 1434 867 1520 responderunt
880 1444 955 1507 erat
970 1436 1157 1519 quidquam
1177 1435 1242 1506 nisi
1263 1457 1394 1506 verum.

382 1578 385 1583 ·
478 1553 593 1634 Quum
607 1552 699 1623 Elisa
713 1553 968 1635 quindecimum
981 1573 1112 1624 annum
1132 1552 1292 1637 explevit,
1307 1553 1393 1636 regi·

393 1691 439 1740 no
452 1690 530 1740 eam
544 1668 587 1740 ad
602 1690 638 1739 se
653 1670 793 1753 accivit;
814 1677 851 1741 et
865 1691 974 1754 quum
989 1669 1130 1742 vidisset
1143 1677 1274 1754 quanta
1286 1691 1395 1740 venu-

392 1794 482 1858 state
496 1786 570 1857 haec
584 1786 731 1870 floreret,
753 1795 851 1859 tanto
865 1788 976 1872 magis
989 1787 1062 1858 odit
1075 1809 1161 1870 eam,
1183 1787 1395 1870 libenterque

393 1925 470 1975 eom
483 1903 520 1973 in
541 1905 656 1975 ferum
681 1905 810 1975 olorem
833 1911 1013 1988 mutasset,
1037 1912 1178 1989 propter
1203 1926 1321 1989 regem
1346 1911 1396 1975 to·

392 2043 482 2104 men,
494 2020 553 2104 qui
566 2041 665 2091 suum
680 2028 798 2092 natam
812 2023 929 2093 videre
941 2021 1092 2106 optabat,
1106 2043 1189 2093 ausa
1203 2044 1272 2093 non
1287 2029 1350 2094 est.

477 2137 635 2208 Proximo
649 2139 765 2222 itaque
775 2160 876 2209 mane
887 2139 1007 2222 regina
1017 2137 1167 2210 intrabat
1178 2139 1394 2223 lavatrinam,

392 2257 429 2327 in
443 2279 512 2341 qua
525 2259 659 2330 labrum
673 2263 750 2326 erat
763 2278 1004 2328 marmoreum.
1030 2257 1217 2327 Lavatrina
1238 2263 1394 2342 sumptu·

393 2396 451 2445 ose
464 2382 539 2447 erat
552 2377 722 2446 instructa
736 2372 919 2458 tapetibus,
934 2373 1088 2457 grabato,
1103 2373 1262 2458 pulvillis.
1293 2375 1393 2458 Regi-

393 2514 439 2563 na
452 2493 519 2563 illic
533 2500 606 2565 tres
618 2491 779 2563 bufonesl
793 2491 942 2562 habebat
955 2497 1147 2574 apparatos,
1168 2492 1293 2574 quibus
1316 2491 1394 2562 deo-

395 2610 545 2694 sculatis,
559 2610 621 2682 uni
634 2609 823 2691 mandavit,
846 2607 921 2679 Ἥ
935 2607 972 2678 in
984 2615 1090 2692 caput
1104 2609 1205 2680 Elisae
1218 2610 1396 2694 desidcbis,

393 2733 434 2796 ut
447 2727 521 2810 ipsa
535 2725 588 2798 tui
603 2726 729 2808 similis,
750 2725 855 2796 hebes
877 2747 917 2796 ac
940 2725 1076 2808 torpida
1098 2726 1255 2798 evadat.'’
1276 2727 1395 2810 Alteri,

392 2841 470 2914 “Tu
484 2850 603 2914 autem
617 2843 653 2914 in
667 2843 783 2913 fronte
796 2841 872 2913 eius
884 2849 919 2913 te
934 2843 1120 2925 collocabis,
1142 2849 1182 2914 ut
1204 2844 1256 2915 tui
1269 2844 1396 2928 similis,

393 2960 505 3044 turpis
519 2960 590 3042 fiat,
604 2965 646 3031 ut
659 2959 732 3044 ipre
747 2966 846 3062 pater
858 2980 942 3030 suus
955 2981 1032 3030 eam
1052 2981 1097 3030 ne
1118 2961 1267 3046 emplius
1289 2983 1395 3033 nove·

394 3076 470 3160 rit,”
484 3076 642 3161 denique,
658 3077 769 3159 tertio,
786 3075 862 3147 Ἥ
876 3097 961 3148 vero
974 3083 1095 3161 pectus
1109 3077 1183 3148 eius
1196 3077 1395 3163 obsidebis,”

394 3193 606 3277 susurrabat,
622 3193 684 3265 “ut
698 3213 756 3265 cor
771 3193 845 3265 eius
869 3201 1108 3277 corrumpatur
1122 3217 1162 3266 ac
1177 3196 1395 3280 depravetur,

396 3311 486 3395 quod
501 3311 610 3395 ipsam
624 3333 660 3381 se
675 3309 837 3394 affligat?

481 3427 635 3498 Buiones
660 3433 736 3510 post
760 3427 835 3498 haec
859 3427 895 3498 in
920 3447 1045 3510 aquam
1059 3428 1233 3512 limpidam
1247 3429 1397 3515 immisit,

397 3565 477 3628 quae
490 3543 672 3614 confestim
686 3543 788 3627 infici,
802 3565 842 3615 ac
856 3544 1060 3616 viridescere
1074 3545 1187 3630 coepit.
1209 3545 1299 3616 'lum
1313 3547 1397 3619 acci-

395 3668 432 3732 ta
446 3660 546 3744 Elisa,
571 3681 647 3731 eam
669 3661 775 3744 exuit,
797 3682 992 3745 aquamque
1012 3662 1142 3734 intrare
1160 3663 1270 3734 iussit
1289 3663 1397 3736 Buto-

395 3798 480 3848 num
508 3779 595 3849 alter
625 3777 781 3860 protinus
815 3777 852 3848 in
879 3799 1012 3850 comum
1040 3779 1115 3851 eius
1143 3780 1278 3864 insedit,
1307 3781 1397 3854 alter

395 3895 432 3965 in
461 3894 613 3965 frontem
645 3893 720 3965 eius
755 3893 903 3979 irrepsit,
939 3895 1062 3966 tertius
1094 3895 1242 3980 denique
1275 3897 1311 3967 io
1340 3919 1397 3982 pe·

491 4143 517 4195 6.
533 4141 620 4207 Bufo,
635 4143 705 4207 mie,
721 4107 765 4206 in..
779 4150 821 4198 est
833 4145 908 4199 freda
919 4161 987 4199 rana
999 4145 1143 4199 terrestria
