3522 5156
437 913 479 982 62
663 928 918 983 rumnarruoo
940 929 1064 996 arcun
1085 929 1211 986 susm

435 1119 498 1168 nec
513 1097 582 1168 ulla
594 1097 716 1168 domus
729 1098 802 1180 sibi,
816 1119 958 1182 suaeque
979 1098 1119 1169 familiae
1144 1099 1365 1183 relinquenda
1386 1121 1437 1170 es·

434 1223 488 1286 set
502 1214 562 1285 ubi
576 1214 686 1285 vitam
701 1221 854 1298 agerent,
868 1215 933 1285 nisi
948 1237 1027 1285 casa
1040 1215 1187 1300 humilis,
1203 1239 1284 1300 quae
1308 1217 1343 1288 in
1365 1239 1436 1287 rne-

436 1333 493 1403 dia
507 1333 604 1415 sylva
617 1331 662 1402 ab
676 1333 800 1416 oppido
815 1333 915 1415 longe
929 1332 1056 1415 dissita,
1071 1334 1330 1417 relinqueretur.

521 1452 638 1532 Quum
653 1449 774 1520 liberos
789 1449 862 1519 haec
876 1471 967 1520 nova
988 1450 1165 1533 docuisset,
1188 1450 1247 1521 filii
1271 1451 1438 1521 conaban-

435 1575 493 1638 tur
507 1569 617 1637 tortes
631 1589 667 1637 se
682 1566 844 1650 praebere,
859 1574 1060 1650 patremque
1075 1567 1254 1638 certiorem
1280 1569 1353 1638 fieri
1376 1591 1435 1639 vo

436 1685 552 1756 lebant
566 1705 602 1754 se
616 1691 819 1767 paupertate
833 1683 916 1754 nihil
931 1683 1071 1767 moveri,
1085 1684 1296 1768 daturosque
1309 1708 1346 1756 se
1360 1708 1438 1770 ope·

437 1824 510 1872 ram
524 1809 565 1871 ut
578 1801 650 1872 suis
662 1801 834 1871 laboribus
847 1800 878 1869 ei
892 1801 1090 1871 adiumento
1105 1802 1281 1886 adessent;
1296 1811 1333 1873 at
1347 1803 1435 1886 filiae,

435 1919 479 1990 ob
508 1919 745 1990 necessitatem
774 1917 916 2001 pulchra
941 1939 1004 1987 sua
1028 1918 1193 2000 cubicula,
1215 1927 1330 1990 vestes
1343 1941 1437 2003 gern-

433 2058 576 2120 masque
590 2035 765 2119 linquendi
779 2034 901 2104 acerba
926 2035 1061 2104 ciebant
1087 2037 1248 2104 lamenta
1269 2035 1347 2107 Sola
1367 2037 1436 2108 filia

434 2162 520 2225 natu
534 2153 684 2236 minima,
699 2174 769 2223 non
783 2151 898 2222 flebat.
920 2152 1002 2234 lmo,
1016 2153 1052 2222 in
1067 2173 1156 2233 casa,
1170 2153 1206 2222 in
1228 2153 1347 2224 mediis
1371 2157 1435 2238 syl·

434 2274 488 2344 vis
512 2271 695 2353 recondita
712 2270 820 2340 vitam
840 2269 966 2352 degere
988 2269 1051 2338 sibi
1073 2269 1177 2339 etiam
1200 2278 1340 2353 gratum
1360 2272 1436 2342 fore

435 2389 589 2474 putabat.

519 2505 613 2588 Filia,
628 2511 712 2574 natu
723 2503 872 2586 minima,
884 2505 975 2573 inter
985 2525 1103 2574 omnes
1114 2525 1174 2574 sex
1188 2505 1335 2575 maxime
1346 2528 1438 2578 ama·

435 2623 510 2695 bilis
524 2628 615 2704 erat;
631 2628 740 2692 tantae
754 2621 827 2704 ipsa
838 2627 913 2691 erat
922 2620 1196 2705 pulchritudinis,
1206 2628 1436 2707 utnunquam

433 2741 526 2812 aliud
541 2739 605 2810 nisi
620 2737 842 2808 Pulchritudo
856 2745 1047 2808 vocaretur.
1060 2737 1174 2822 Quum
1188 2739 1223 2808 in
1239 2759 1365 2810 novam
1380 2763 1436 2812 su·

435 2881 492 2930 am
506 2857 656 2928 casulam
671 2855 951 2937 commigrarunt,
975 2855 1049 2938 ipsa
1074 2875 1212 2939 operam
1236 2857 1359 2928 ovibus
1379 2858 1438 2929 da-

435 2976 505 3058 bat,
521 2981 557 3045 et
571 2973 675 3044 etiam
690 2971 874 3042 maximam
899 2979 1032 3055 partem
1057 2971 1213 3043 laborum
1240 2974 1437 3045 domestico·

435 3115 512 3165 rum
528 3089 685 3174 suscepit.
709 3091 849 3159 Fratres
863 3088 916 3158 sui
930 3088 1003 3159 dies
1018 3089 1170 3172 singulos
1184 3089 1220 3160 in
1234 3090 1328 3174 agris
1348 3091 1437 3162 labo

435 3210 542 3282 raudo
557 3212 759 3290 exegerunt,
775 3206 834 3277 sed
848 3227 981 3276 sorores
995 3206 1054 3276 vix
1069 3207 1257 3290 quidquam
1272 3209 1437 3290 praestite-

436 3334 527 3410 runt,
542 3332 648 3408 atque
662 3331 800 3406 tempus
823 3322 966 3406 loquelis
988 3324 1172 3406 triverunt,
1195 3323 1341 3394 invicem
1360 3347 1437 3398 nar·

437 3445 543 3517 rendo
557 3463 663 3526 quam
677 3447 836 3525 optarent
849 3446 890 3510 ut
903 3440 1029 3512 iterum
1044 3440 1164 3524 opibus
1178 3441 1368 3527 affluerent,
1384 3465 1440 3518 su·

435 3563 533 3647 isque
547 3579 695 3643 quaque
711 3557 800 3628 votis
813 3557 992 3641 potiretur.

519 3677 644 3760 Aliquo
658 3674 798 3745 tandem
818 3673 872 3744 die
896 3675 939 3745 ad
961 3682 1186 3747 mercatorem
1211 3678 1306 3749 iamt
1329 3681 1437 3762 perla-

435 3805 512 3870 tum
526 3801 579 3865 est
592 3813 699 3862 unam
713 3813 854 3862 suarum
865 3791 1017 3876 navium,
1029 3814 1132 3876 quam
1143 3793 1290 3864 fractam
1301 3817 1340 3866 ac
1350 3817 1438 3868 mer·

437 3935 510 3987 sam
535 3915 722 3993 acceperat,
747 3907 878 3980 salvam
900 3909 935 3978 in
958 3916 1097 3992 portum
1119 3912 1325 3994 pervenisse.
1348 3913 1437 3986 Hinc

434 4034 511 4103 fore
524 4025 683 4113 sperabat
700 4030 739 4096 ut
752 4046 915 4108 magnam
935 4031 1069 4110 partem
1085 4047 1157 4097 suae
1171 4029 1326 4112 pecuniae
1340 4051 1437 4102 rocu-

433 4151 579 4233 peraret,
594 4142 753 4228 quocirca
767 4142 902 4214 monuit
916 4163 996 4213 suos
1008 4143 1132 4214 liberos
1146 4165 1193 4228 se,
1216 4145 1260 4215 ad
1281 4168 1355 4216 rem
1376 4169 1435 4233 pe·
