3540 5156
407 901 471 969 200
741 914 845 967 uuor
866 914 911 966 ur
934 867 1079 968 nsrcun'

408 1082 493 1154 scire
508 1081 661 1166 coepisti?
675 1081 730 1151 An
745 1103 807 1165 pro
822 1088 950 1152 caetera
963 1101 1096 1150 morum
1118 1087 1259 1150 tuorum
1273 1079 1409 1149 temeri·

407 1205 490 1281 tate,
504 1198 597 1268 istud
619 1221 755 1282 quoque
770 1207 805 1267 te
819 1199 949 1268 nescire
971 1198 1083 1280 fingis,
1106 1203 1254 1281 quantos
1277 1197 1409 1267 labores

407 1316 496 1386 circa
506 1324 586 1386 tuas
597 1316 831 1398 inquisitiones
841 1315 1119 1386 sustinuerimus?
1131 1314 1303 1398 Sedbene,
1315 1314 1407 1398 quod

407 1454 502 1502 meas
515 1433 730 1516 potissimum
745 1454 866 1502 manus
880 1432 1036 1514 incidisti,
1061 1439 1098 1502 et
1121 1433 1212 1501 inter
1237 1433 1306 1502 orci
1330 1454 1407 1503 can·

407 1570 482 1620 cros
510 1549 578 1619 iam
606 1551 695 1634 ipsos
725 1549 914 1620 adhaesisti:
944 1551 1069 1620 datura
1096 1550 1223 1620 scilicet
1250 1557 1406 1621 actutum

407 1667 631 1737 contumaciae
653 1674 761 1736 tantae
775 1667 926 1749 poenas.''
950 1667 995 1735 Et
1018 1667 1192 1736 audaciter
1214 1667 1250 1736 in
1271 1667 1408 1750 capillos

407 1783 482 1852 eius
510 1783 626 1852 imissa
651 1804 757 1852 manu
787 1781 949 1852 trahebat
971 1804 1057 1864 eam,
1079 1804 1297 1866 nequaquam
1320 1783 1406 1852 reni-

408 1905 549 1968 tentem.

491 2015 600 2098 Quam
629 2014 688 2085 ubi
717 2015 865 2098 primum
893 2015 1081 2099 inductam,
1106 2015 1322 2099 oblatamque
1344 2016 1407 2086 sibi

404 2131 581 2213 conspexit
595 2131 723 2214 Venus,
738 2132 951 2203 laetissimum
971 2133 1195 2204 coachinnum
1209 2134 1350 2216 extollit,
1372 2141 1408 2204 et

406 2249 541 2332 qualem
557 2250 667 2318 solent
692 2250 853 2319 furenter
874 2250 962 2331 irati,
985 2257 1155 2334 caputque
1181 2251 1348 2334 quatiens,
1370 2258 1406 2322 et

405 2365 602 2450 adscalpens
616 2387 734 2435 aurem
749 2366 923 2437 dextram:

491 2481 697 2566 “Tandem''
711 2483 835 2566 inquit,
851 2483 1015 2567 “dignata
1040 2505 1078 2554 es
1104 2488 1288 2554 socrum¹⁴⁶
1311 2491 1407 2554 tuam

403 2599 569 2669 salutare?
584 2599 639 2669 An
654 2601 769 2683 potius
783 2601 955 2682 maritum,
970 2601 1028 2684 qui
1043 2601 1184 2670 vulnere
1198 2607 1259 2670 tuo
1274 2601 1404 2683 pericli-

403 2722 508 2799 tatur,
523 2716 725 2786 intervisere
739 2717 886 2788 venisti?
907 2717 973 2788 Sed
988 2724 1062 2787 esto
1072 2739 1209 2787 secura:
1231 2717 1299 2787 iam
1313 2718 1404 2788 enim

403 2833 568 2916 excipiam
581 2841 616 2903 te
631 2841 671 2904 ut
685 2834 809 2904 bonam
825 2855 951 2904 nurum
967 2834 1147 2916 condecet;
1168 2841 1215 2918 et,
1237 2835 1335 2918 Ubi,”
1357 2835 1406 2904 in·

403 2951 489 3033 quit,
506 2948 721 3020 “Sollicitudo
735 2957 840 3033 atque
854 2950 1034 3033 Tristities,
1045 2951 1175 3021 ancillae
1185 2951 1308 3020 meaei''
1325 2951 1403 3035 Qui-

402 3066 468 3136 bus
482 3066 704 3137 introvocatis
718 3067 944 3151 torquendam
958 3068 1100 3137 tradidit
1114 3089 1201 3138 eam.

485 3200 534 3269 At
549 3201 623 3284 illae,
646 3208 828 3284 sequentes
851 3201 956 3272 herile
980 3208 1200 3286 praeceptum,
1226 3201 1403 3285 Psychem,

401 3317 576 3400 misellam,
591 3317 733 3400 flagellis
754 3317 924 3400 afflictam,
939 3325 974 3387 et
988 3319 1122 3389 caeteris
1145 3319 1325 3390 tormentis
1345 3341 1402 3389 ex·

400 3433 598 3517 cruciatam,
613 3435 739 3505 iterum
754 3434 900 3505 dominae
915 3437 1108 3519 conspectui
1124 3437 1284 3507 reddunt.

486 3551 583 3622 ‘Iunc
596 3573 716 3622 rursus
731 3552 867 3622 sublato
881 3553 951 3623 risu
966 3553 1100 3623 Venus:

485 3665 551 3738 “ut
564 3670 673 3751 ecce,''
687 3670 808 3752 inquit,
825 3668 940 3739 “statu
961 3669 1168 3740 valetudinis
1194 3670 1292 3741 nobis
1311 3691 1402 3741 com-

401 3793 520 3856 movet
535 3787 797 3868 miserationem
816 3787 908 3858 unde
924 3809 979 3857 me
990 3787 1153 3870 praeclara
1163 3787 1278 3858 sobole
1289 3787 1402 3857 aviam

399 3902 537 3974 beatam
549 3903 676 3973 scilicet
689 3903 805 3974 iaciat
830 3903 925 3974 Felix
949 3925 1032 3974 vero
1062 3924 1137 3987 ego,
1162 3925 1241 3988 quae
1264 3903 1301 3974 in
1325 3905 1400 3990 ipso

500 4137 557 4191 146.
574 4135 695 4202 Souna,
712 4137 771 4201 -ais,
787 4140 818 4201 f,
830 4144 919 4192 mater
930 4139 1031 4192 mariti.
