3540 5156
403 934 466 1004 180
737 949 841 1005 anon
860 949 907 1003 er
929 949 1068 1004 esrcne

402 1117 514 1188 tiata⁰⁸
528 1117 636 1188 verba
649 1117 838 1188 semianimi
862 1139 948 1186 voce
973 1117 1203 1200 substrepens,
1228 1116 1276 1185 sic
1300 1116 1345 1186 ad
1369 1115 1406 1184 ll·

405 1236 456 1306 las
469 1235 536 1305 ait:

487 1351 578 1422 “Vos
593 1351 741 1435 quidem,
756 1352 965 1422 charissima
980 1373 1123 1434 sorores,
1138 1358 1178 1422 ut
1193 1359 1356 1436 parerat,
1369 1352 1405 1421 in

402 1468 512 1539 officio
526 1475 653 1539 vestrae
666 1469 804 1552 pietatis
829 1470 1057 1552 perrnanetis;
1079 1491 1201 1539 verum
1214 1476 1252 1538 et
1266 1469 1323 1552 illi,
1345 1469 1406 1552 qui

402 1587 485 1658 talia
497 1587 595 1656 vobis
616 1586 798 1668 affirmant,
813 1609 882 1656 non
897 1586 1061 1656 videntur
1081 1587 1166 1656 mihi
1190 1587 1405 1658 mendacium

402 1703 543 1787 fingere.
569 1704 643 1775 Nec
658 1704 750 1774 enim
775 1725 929 1788 unquam
945 1704 1009 1773 viri
1023 1703 1092 1774 mei
1108 1704 1179 1774 vidi
1193 1705 1328 1788 faciem,
1349 1705 1405 1774 vel

401 1819 540 1890 omnino
564 1821 700 1891 cuiatus
724 1821 779 1904 sit,
803 1821 902 1903 novi;
924 1821 984 1890 sed
998 1827 1137 1890 tantum
1158 1822 1335 1892 nocturnis
1349 1843 1406 1892 su·

403 1937 568 2008 baudiens
582 1937 731 2020 vocibus,
748 1937 913 2007 maritum
928 1937 1050 2007 incerti
1065 1940 1187 2020 status,
1208 1945 1245 2007 et
1266 1960 1407 2022 prorsus

401 2055 592 2138 lucifugam
606 2055 724 2136 tolero,
739 2054 953 2138 bestiamque
979 2055 1129 2138 aliquam
1151 2063 1243 2125 recte
1268 2056 1408 2126 dicenti·

403 2173 469 2244 bus
483 2171 580 2242 vobis
594 2172 716 2241 merito
730 2173 916 2254 consentio,
932 2194 1057 2256 meque
1082 2193 1291 2256 magnopere
1318 2195 1407 2242 sem-

404 2311 466 2372 per
490 2310 512 2358 a
536 2289 607 2358 suis
631 2295 739 2358 terret
764 2288 968 2372 aspectibus,
994 2289 1193 2372 malumque
1216 2290 1348 2373 grande
1364 2290 1407 2360 de

403 2407 522 2476 vultds
535 2406 731 2476 curiositate
747 2406 979 2488 praeminabrr.
1001 2407 1114 2489 Nunc,
1131 2407 1265 2489 siquam
1279 2408 1407 2478 saluta·

403 2546 477 2594 rem
492 2545 591 2607 opem
606 2523 810 2606 periclitanti
826 2523 933 2592 sorori
956 2531 1083 2593 vestrae
1104 2525 1247 2607 potestis
1271 2525 1407 2610 afferre,

405 2642 475 2711 iam
489 2663 582 2712 nunc
597 2640 802 2711 subsistite.”

490 2758 661 2828 Caeterum
675 2758 807 2828 incuria
821 2779 976 2840 sequens,
987 2758 1109 2841 prioris
1118 2759 1343 2842 providentiae
1353 2761 1409 2831 be-

405 2874 525 2944 neficia
538 2875 737 2957 corrumpit.

489 3009 587 3078 Tunc
600 3017 721 3090 nactae,
735 3009 803 3079 iam
818 3009 926 3093 portis
946 3009 1155 3094 patentibus,
1170 3011 1342 3082 nudatum
1357 3035 1408 3083 so·

405 3126 491 3196 roris
506 3125 660 3196 animum
674 3127 877 3196 facinorosae
889 3127 1057 3209 mulieres,
1078 3128 1210 3198 omissis
1224 3137 1325 3199 tectae
1339 3151 1409 3200 ma-

406 3243 517 3313 chinae
531 3242 689 3326 latibulis,
704 3243 876 3314 destrictis
890 3244 1011 3327 gladiis
1035 3244 1224 3328 fraudium,
1250 3246 1410 3329 simplicis

406 3360 529 3444 puellae
543 3369 711 3443 paventes
735 3361 959 3444 cogitationes
981 3362 1160 3433 invadunt
1182 3362 1236 3434 Sic
1260 3363 1409 3447 denique

408 3478 534 3547 altera:

490 3592 681 3675 “Quoniam
696 3616 759 3665 nus
773 3595 915 3677 originis
928 3617 1037 3665 nexus
1063 3617 1124 3678 pro
1149 3604 1212 3667 tua
1235 3598 1411 3668 incolumi·

406 3717 480 3781 tate
500 3710 691 3793 periculum
713 3710 853 3794 quidem
877 3712 1011 3781 nullum
1036 3719 1118 3782 ante
1143 3697 1259 3784 oeulos
1283 3714 1410 3786 habere

407 3827 594 3911 compellit;
608 3827 701 3897 viam
716 3848 794 3910 quae
807 3827 878 3897 sola
892 3827 1030 3898 deducit
1042 3829 1109 3898 iter
1123 3828 1167 3899 ad
1182 3830 1338 3915 salutem,
1350 3831 1410 3902 diu

407 3943 535 4028 diuque
546 3943 732 4027 cogitatam
742 3944 1007 4015 monstrabimus
1017 3945 1090 4015 tibi.
1103 3945 1315 4017 Novaculam
1326 3971 1412 4032 prae·

509 4179 551 4234 98.
568 4177 646 4241 Quod
657 4177 719 4246 quls
728 4183 773 4232 ter
782 4178 889 4246 repetit,
900 4179 1062 4234 balbutiens.
