3554 5156
444 953 486 1024 92
834 968 933 1034 noua
954 967 1052 1023 vnn

443 1155 562 1206 omnes
585 1142 658 1206 tres
681 1137 960 1208 conscenderunt.
985 1137 1081 1208 Inter
1108 1137 1343 1221 navigandum
1371 1136 1441 1207 duo

444 1251 573 1324 iratres
600 1260 687 1324 natu
716 1254 861 1325 maiores
890 1254 937 1325 sic
966 1255 1057 1326 inter
1080 1275 1117 1326 se
1142 1254 1441 1338 colloquebantur:

443 1366 585 1440 “Frater
599 1377 716 1442 noster
730 1371 879 1455 possidet
893 1372 1039 1456 Aquam,
1051 1393 1155 1456 quam
1169 1393 1232 1442 nos
1245 1390 1443 1456 comparare

444 1487 679 1572 nequivimus;
700 1489 863 1560 futurum
887 1510 970 1572 ergo
984 1495 1047 1573 est,
1061 1497 1102 1560 nt
1117 1497 1215 1574 pater
1229 1511 1292 1560 nos
1305 1489 1337 1560 ei
1350 1495 1442 1572 post·

444 1603 580 1687 habeat,
606 1626 833 1689 regnumque,
860 1606 950 1689 quod
974 1606 1082 1676 nostri
1107 1605 1191 1677 iuris
1213 1613 1275 1689 est,
1301 1605 1332 1676 ei
1347 1604 1442 1675 attri-

443 1720 565 1792 buat.”
586 1723 708 1806 Itaque
722 1722 851 1795 invidia
863 1731 899 1794 et
912 1723 1063 1794 vindicta
1079 1723 1242 1807 succensi,
1268 1723 1315 1794 sic
1337 1721 1443 1794 consi·

442 1839 526 1908 lium
540 1839 768 1910 labefactandi
783 1840 857 1912 eius
869 1841 1055 1911 iniverunt.
1071 1840 1144 1911 Hoc
1153 1841 1261 1925 igitur
1271 1839 1443 1926 proposito

443 1957 687 2040 exspectabant
701 1958 785 2028 dum
799 1957 870 2042 ipse
885 1958 1105 2029 decumberet
1120 1965 1156 2029 et
1169 1957 1442 2040 obdormisceret,

444 2073 534 2157 quod
550 2096 658 2158 quum
673 2075 883 2158 factumest,
898 2076 1034 2160 Aquam
1060 2075 1150 2146 Vuae
1163 2077 1196 2146 ei
1210 2075 1442 2159 surripientes,

441 2191 477 2261 in
507 2191 678 2276 propriam
702 2193 861 2277 lagenam
885 2194 1161 2277 transfuderrmt,
1192 2195 1293 2278 eique
1315 2213 1442 2276 aquam

443 2309 621 2391 marinam,
632 2311 756 2380 salsam
767 2318 802 2381 et
812 2332 975 2390 amaram,
990 2319 1255 2396 supposuerunt
1271 2313 1388 2392 Quum
1399 2309 1442 2380 ad

442 2425 548 2498 finem
563 2449 635 2497 suae
649 2427 943 2512 peregrinationis,
957 2429 1108 2512 domum,
1122 2435 1366 2513 pervenerunt,
1378 2427 1442 2498 fili·

444 2566 487 2616 us
500 2552 585 2615 natu
608 2545 771 2615 minimus
796 2567 899 2617 suum
922 2546 1089 2630 scyphum
1114 2568 1214 2630 aquae
1236 2566 1380 2630 propere
1400 2544 1443 2616 ad

444 2670 578 2747 patrem
593 2662 745 2746 pertulit,
766 2670 808 2733 ut
822 2663 947 2734 hausta
962 2667 1013 2747 ea,
1028 2672 1215 2735 curaretur.
1237 2663 1304 2734 Vix
1328 2670 1444 2733 tamen

442 2781 472 2851 is
485 2801 611 2863 aquam
625 2780 802 2863 marinam,
818 2781 941 2850 salsam
956 2788 993 2851 et
1011 2802 1173 2864 amaram,
1188 2781 1443 2864 degustaverat,

444 2897 568 2981 aegrior
582 2897 686 2968 etiam
701 2919 804 2989 quam
820 2905 901 2968 ante
915 2899 1031 2969 factus
1045 2905 1108 2968 est.
1120 2898 1200 2968 Mox
1215 2897 1285 2967 duo
1299 2895 1443 2966 adultio-

444 3037 499 3086 res
512 3013 572 3085 filii
587 3015 884 3098 superveniebant,
910 3037 1082 3100 suumque
1106 3017 1252 3086 fratrem
1276 3013 1442 3084 minorem

443 3132 627 3216 culpabant
651 3153 830 3216 perperam
854 3133 989 3203 factum
1013 3133 1044 3203 ei
1066 3131 1324 3216 exprobrantes,
1346 3127 1443 3214 quasi

442 3257 578 3336 patrem
585 3270 719 3320 veneno
727 3249 893 3334 perimere
904 3249 1077 3333 voluisset,
1086 3271 1204 3320 veram
1212 3257 1248 3321 et
1255 3247 1443 3333 genuinam

444 3371 580 3453 Aquam
593 3366 684 3438 vitae
699 3367 760 3437 abs
774 3388 810 3436 se
824 3374 1056 3452 comparatam
1071 3368 1277 3450 allatamque
1290 3387 1374 3436 esse

528 3484 634 3556 Simul
647 3505 687 3554 ac
702 3506 762 3554 rex
776 3505 911 3567 aquam,
928 3505 1032 3568 quam
1046 3484 1083 3554 bi
1097 3485 1128 3556 ei
1142 3483 1348 3566 obtulerant,
1374 3505 1444 3554 sor·

444 3605 524 3675 bere
537 3601 728 3685 incipiebat,
742 3601 787 3672 ab
800 3601 1007 3685 aegritudine
1022 3601 1128 3673 levari
1140 3601 1254 3686 coepit,
1265 3601 1347 3671 etin
1360 3621 1445 3684 pau·

441 3721 490 3792 cis
503 3719 623 3791 diebus
638 3719 722 3790 adeo
737 3719 921 3803 convaluit,
936 3725 978 3789 ut
991 3719 1090 3803 quasi
1111 3718 1147 3789 in
1172 3718 1392 3788 iuventutem
1406 3737 1443 3789 se

441 3844 674 3909 restauratum
689 3836 842 3906 sentiret
865 3836 947 3907 Post
962 3835 1036 3907 haec
1049 3836 1119 3906 duo
1133 3836 1262 3906 fratres
1274 3835 1442 3905 minorem

440 3955 586 4027 fratrem
600 3953 794 4036 adiverunt,
809 3975 890 4024 eum
905 3953 1099 4024 deriserunt
1120 3953 1168 4024 sic
1191 3952 1276 4024 fati:
1298 3951 1443 4024 “Nonne

441 4071 628 4143 fratercule
642 4078 683 4141 tu
698 4070 784 4142 belle
797 4069 952 4155 reperisti
967 4071 1104 4154 Aquam
1117 4070 1228 4142 vitae?
1241 4070 1297 4141 Tu
1312 4069 1445 4142 labores

443 4188 623 4273 pertulisti,
646 4209 709 4258 nos
730 4187 872 4271 praemia
899 4187 1074 4268 feremus3
1096 4185 1330 4271 quamobrem,
1351 4185 1446 4258 obse·
