3540 5156
383 969 445 1037 172
722 985 826 1038 anon
847 985 893 1037 ur
914 984 1051 1039 esrcua

378 1149 539 1221 delicatas
554 1151 638 1222 istas
650 1151 809 1235 adurens,
823 1173 887 1222 nec
901 1151 1018 1222 uxoris
1044 1151 1227 1222 officiosam
1248 1151 1383 1232 faciem,

379 1267 439 1338 sed
468 1269 608 1339 medicae
636 1269 838 1340 laboriosam
864 1290 1045 1353 personam
1067 1269 1248 1340 sustinens.
1272 1268 1318 1338 Et
1343 1274 1383 1337 tu

379 1385 528 1468 quidem,
543 1407 647 1469 soror,
663 1386 799 1471 videris,
815 1408 920 1470 quam
946 1386 1102 1469 patienti,
1116 1386 1173 1456 vel
1188 1385 1302 1468 potius
1316 1405 1386 1454 ser·

379 1501 495 1572 vili-
509 1501 619 1573 dicam
633 1503 724 1573 enim
739 1503 845 1574 libere
859 1504 951 1588 quod
973 1504 1083 1574 sentio
1106 1539 1148 1548 -
1172 1503 1246 1573 haec
1272 1501 1384 1585 perie-

380 1639 436 1688 ras
449 1619 580 1701 animo;
602 1621 777 1690 enimvero
791 1642 858 1704 ego
880 1641 1015 1704 nequeo
1040 1621 1211 1691 sustinere
1238 1617 1384 1689 ulterius

379 1742 452 1806 tam
466 1737 603 1807 beatam
617 1738 797 1808 fortunam
812 1737 994 1821 collapsam
1020 1737 1169 1820 indigne.
1194 1735 1383 1806 Recordare

379 1853 471 1923 enim
487 1876 591 1937 quam
606 1855 762 1938 superbe,
778 1876 882 1938 quam
898 1862 1101 1938 arroganter
1115 1854 1294 1924 nobiscum
1308 1873 1386 1936 ege·

380 1970 436 2054 rit,
450 1977 486 2041 et
499 1971 574 2054 ipsa
587 1971 769 2042 iactatione
784 1971 975 2042 immodicae
989 1971 1238 2053 ostentationis,
1249 1977 1383 2040 tumen-

379 2093 451 2158 tem
467 2109 570 2159 suum
585 2089 772 2182 prodiderit
795 2089 951 2158 animum
958 2111 967 2171 ;
989 2089 1101 2172 deque
1126 2089 1233 2159 tantis
1257 2085 1385 2158 divitiis

378 2204 505 2288 exigua
519 2204 616 2274 nobis
628 2205 738 2275 invita
752 2205 942 2289 proiecerit,
957 2205 1208 2289 confestimque
1234 2225 1385 2288 praesen·

377 2321 427 2391 tia
449 2324 569 2392 nostra
590 2328 747 2405 gravata,
772 2322 912 2405 propelli
936 2328 973 2392 et
998 2321 1117 2405 efflari,
1144 2320 1384 2404 exsibilarique

377 2437 526 2508 iusserit.
548 2439 622 2510 Nec
636 2460 713 2508 sum
728 2439 861 2522 mulier,
885 2461 950 2510 nec
965 2439 1105 2510 omnino
1119 2439 1210 2521 spiro
1225 2437 1290 2508 nisi
1304 2458 1382 2507 eam

378 2577 518 2639 pessum
541 2556 584 2626 de
609 2556 716 2626 tantis
739 2555 861 2638 opibus
885 2556 1048 2626 deiecero.
1071 2557 1130 2640 Ac,
1147 2556 1175 2626 si
1190 2555 1253 2626 tibi
1267 2555 1384 2640 etiam,

378 2679 420 2744 ut
434 2694 498 2756 par
511 2679 574 2756 est,
588 2673 717 2743 inacuit
730 2679 848 2744 nostra
862 2673 1086 2743 contumelia:
1108 2673 1287 2743 consilium
1301 2672 1386 2742 vali·

380 2790 465 2860 dum
487 2790 600 2861 ambae
622 2789 846 2874 requiramus
869 2791 1010 2874 Iamque
1035 2790 1104 2860 ista
1127 2811 1206 2873 quae
1229 2789 1385 2873 ierimus,

379 2929 449 2978 non
462 2906 663 2991 parentibus
676 2907 812 2989 nostris,
827 2928 866 2976 ac
881 2929 926 2976 ne
940 2907 1001 2977 ulli
1021 2908 1297 2978 demonstremus
1311 2906 1386 2990 alii;

380 3023 450 3094 imo
463 3046 527 3094 nec
542 3024 679 3094 omniuo
704 3023 893 3108 quidquam
908 3024 951 3094 de
966 3024 1040 3094 eius
1063 3025 1174 3095 salute
1197 3024 1386 3094 norimus⁷¹

380 3141 441 3213 Sat
456 3150 509 3212 est
524 3142 616 3224 quod
629 3142 714 3224 ipsae
728 3141 887 3226 vidimus,
903 3149 939 3212 et
953 3164 1033 3226 quae
1058 3141 1182 3212 vidisse
1206 3141 1386 3225 poenituit:

379 3260 508 3330 nedum
523 3266 562 3329 ut
582 3258 805 3343 genitoribus,
819 3267 855 3329 et
869 3259 1028 3330 omnibus
1053 3259 1187 3343 populis
1211 3265 1282 3329 tam
1308 3259 1386 3329 bea·

381 3385 458 3447 tum
483 3377 557 3446 eius
582 3375 809 3446 differamus⁷²
833 3376 1054 3459 praeconium.
1087 3377 1161 3446 Nec
1186 3383 1268 3446 sunt
1293 3375 1385 3445 enim

379 3494 471 3564 beati
486 3515 634 3578 quorum
649 3492 788 3563 divitias
801 3514 902 3563 nemo
916 3493 1023 3563 novit.
1039 3491 1130 3564 Sciet
1145 3515 1182 3563 se
1196 3514 1266 3562 non
1282 3492 1385 3562 ancil·

378 3611 438 3695 las,
454 3610 514 3681 sed
529 3631 662 3680 sorores
675 3609 803 3680 habere
815 3610 971 3680 maiores.
982 3610 1028 3681 Et
1043 3632 1135 3681 nunc
1150 3610 1290 3694 quidem
1305 3631 1385 3680 con·

288 3759 291 3764 ·
378 3728 566 3800 cedamus⁷³
598 3725 642 3797 ad
666 3726 817 3808 maritos,
842 3734 879 3797 et
903 3727 1009 3798 Lares
1045 3748 1214 3810 pauperes
1238 3733 1386 3810 nostros,

379 3845 439 3917 sed
464 3845 563 3928 plane
587 3844 727 3925 sobrios,
750 3843 951 3928 revisamus,
976 3843 1105 3927 diuque
1120 3843 1386 3928 cogitationibus

481 4045 523 4100 71.
539 4042 734 4110 Νονοήηω;
747 4045 826 4112 quasi
839 4044 911 4098 nihil
925 4045 1051 4099 aciamus.

481 4129 524 4182 72.
540 4125 761 4194 Diffitndumue,
774 4128 958 4195 predicemus,
970 4129 1152 4190 enuntiemus,
1166 4127 1349 4196 divulgemus.

490 4211 532 4266 7³.
551 4209 762 4275 oomuomuo,
778 4227 882 4266 mus.
