3540 5156
390 958 450 1026 156
722 975 829 1028 nuos
851 977 898 1028 nr
919 973 1054 1028 esrcnn

386 1163 504 1211 meum
518 1143 602 1212 coelo
617 1143 818 1214 conditum¹³
833 1144 978 1214 terrenis
998 1143 1154 1214 sordibus
1175 1143 1388 1226 profanatur.

387 1259 559 1329 Nimirum
574 1263 745 1330 communi
760 1262 910 1332 numinis
933 1261 1105 1345 piamento
1128 1259 1264 1331 vicariae
1287 1279 1390 1328 vene-

387 1376 529 1446 rationis
542 1377 710 1447 incertum
727 1379 938 1460 sustinebo,¹⁴
952 1386 989 1448 et
1001 1378 1186 1461 imaginem
1199 1397 1312 1447 meam
1327 1377 1390 1446 cir·

386 1495 538 1564 cumfert
552 1495 666 1578 puella
679 1495 854 1566 moritura.
868 1497 1012 1566 Frustra
1026 1517 1081 1565 me
1096 1503 1213 1578 pastor
1226 1494 1318 1576 ille‚¹⁵
1332 1514 1390 1562 cu·

387 1611 442 1682 ius
456 1612 622 1682 iustitiam
637 1612 809 1696 fidemque
822 1635 970 1696 magnus
992 1612 1226 1698 comprobavit
1249 1611 1388 1695 Iupiter,

386 1728 431 1798 ob
445 1728 605 1798 eximiam
620 1730 766 1813 speciem
780 1730 888 1800 tantis
902 1730 1055 1814 praetulit
1069 1731 1216 1801 Deabus.
1238 1729 1303 1800 Sed
1319 1749 1388 1797 non

387 1845 472 1916 adeo
502 1846 657 1929 gaudens
684 1847 759 1930 ista,
790 1869 1004 1930 quaecunque
1033 1856 1096 1930 est,
1124 1869 1217 1917 meos
1243 1846 1390 1916 honores

387 1962 578 2045 usurpabit.
600 1963 673 2032 lam
697 1965 780 2034 faxo
804 1964 909 2035 huius
933 1964 1035 2034 etiam
1061 1964 1167 2048 ipsius
1181 1963 1305 2033 illicitae
1319 1963 1390 2032 for·

388 2078 558 2150 mositatis
571 2079 768 2163 poeniteatss’

472 2197 517 2266 Et
532 2203 634 2268 vocat
648 2199 830 2269 confestim
846 2220 994 2282 puerum
1019 2220 1133 2281 suum,
1148 2205 1337 2282 pennatum
1351 2197 1389 2267 il-

388 2315 471 2396 lum,
495 2321 531 2384 et
554 2315 637 2385 satis
659 2315 890 2398 temerarium,
916 2315 975 2398 qui
1004 2315 1102 2386 malis
1129 2315 1201 2386 suis
1229 2314 1390 2396 moribus,

386 2435 585 2516 contempta
599 2431 773 2516 disciplina
786 2432 932 2516 publica,
954 2431 1100 2502 flammis
1121 2439 1159 2502 et
1181 2432 1317 2516 sagittis
1339 2453 1392 2501 ar·

390 2555 516 2631 matus,
531 2570 591 2632 per
606 2549 732 2619 alienas
746 2550 866 2620 domos
875 2556 976 2620 nocte
985 2550 1179 2620 discurrens
1189 2570 1307 2632 pacem
1319 2555 1391 2618 tur·

390 2665 460 2748 bat,
476 2687 515 2735 ac
530 2665 614 2736 nihil
629 2688 769 2750 prorsus
783 2667 863 2736 boui
877 2667 972 2736 facit.
994 2667 1105 2749 Hunc,
1131 2687 1340 2749 quamquam
1355 2665 1393 2735 li·

388 2783 502 2853 centia
515 2783 643 2866 linguae
657 2785 779 2867 utique
792 2784 968 2868 audacem,
983 2783 1098 2854 verbis
1106 2804 1241 2867 quoque
1252 2783 1392 2867 insuper

388 2900 554 2971 stimulat.
578 2901 740 2971 Perducit
754 2900 798 2970 ad
813 2901 905 2971 illam
920 2901 1105 2983 civitatem,
1121 2907 1157 2969 et
1172 2899 1337 2983 Psychem
1349 2935 1391 2944 -

389 3017 453 3087 hoc
463 3017 554 3087 enim
564 3017 700 3087 nomine
711 3019 824 3101 puella
834 3017 1098 3100 nuncupabatur
1108 3038 1270 3086 —coram
1281 3024 1393 3086 osten·

389 3135 522 3238 dicut
547 3138 621 3204 tota
645 3134 702 3203 illa
727 3134 769 3204 de
793 3134 1018 3204 formositatis
1033 3133 1248 3204 aemulatione
1262 3134 1392 3216 fabula,

389 3273 533 3336 gemens
546 3273 587 3322 ac
601 3254 754 3322 fremens
768 3251 1021 3335 indignatione:

475 3367 562 3439 “Per
577 3391 641 3452 ego
656 3369 723 3452 te,”
738 3369 859 3452 inquit,
876 3367 1061 3438 “materna
1075 3368 1251 3438 charitatis
1260 3367 1392 3438 foedera

388 3486 563 3570 deprecor,
578 3507 640 3570 per
650 3493 721 3555 tuae
736 3486 873 3569 sagitta
887 3485 999 3555 dulcia
1009 3486 1162 3567 vulnera,
1173 3507 1234 3569 per
1241 3485 1391 3555 flammae

493 3706 533 3756 1³.
551 3703 625 3757 Coelo
637 3703 817 3766 reconditum,
828 3702 962 3756 abditum.

492 3789 533 3840 14.
551 3787 629 3850 Nam,
643 3787 666 3840 ei
680 3788 732 3841 hoc
742 3787 863 3848 tolerem,
881 3785 1004 3839 tolerabo
1017 3785 1151 3839 sacrificia
1162 3785 1313 3852 expiatoria
1324 3783 1393 3838 ordl-

389 3872 468 3925 nario
480 3871 602 3932 Numini,
614 3871 673 3924 sive
685 3871 840 3932 Diviniteti.
861 3869 919 3922 dari
931 3869 1013 3923 solita
1026 3886 1060 3922 ex
1070 3869 1248 3922 veneratione
1259 3868 1392 3922 secunda·

388 3956 438 4018 ria,
452 3955 517 4008 dum
528 3955 620 4021 puella
630 3955 768 4008 terrestris
780 3959 892 4020 usurpat
904 3969 993 4006 meam
1005 3953 1224 4014 similitudinem,
1237 3969 1288 4020 ego
1299 3957 1392 4005 autem

389 4054 437 4092 ero
450 4038 557 4092 Numen
570 4038 715 4092 incertum.

492 4121 533 4175 15.
549 4122 653 4188 Nempe
663 4121 749 4184 Paris,
770 4121 817 4188 qui
842 4121 915 4174 melo
940 4135 1022 4174 aureo
1046 4120 1146 4174 Veneri
1169 4119 1312 4182 attributo,
1330 4135 1391 4172 earn

390 4207 510 4260 Dearum
521 4205 731 4272 pulcherrimam
748 4203 892 4258 iudicarit.
1244 4195 1248 4204 '
