3554 5156
712 966 811 1032 aqua
833 964 931 1020 vrum
1277 948 1319 1019 93

322 1156 468 1219 namus,
492 1135 624 1204 cautior
648 1132 710 1203 tibi
734 1152 803 1203 non
827 1130 947 1204 fuisti?
967 1131 1069 1202 Anno
1091 1131 1213 1202 futuro
1235 1131 1322 1202 alter

323 1259 479 1324 nostrum
493 1250 559 1320 nisi
573 1249 770 1334 diligentius
793 1248 856 1319 tibi
880 1249 1021 1331 caveris,
1044 1247 1204 1318 bellulam
1225 1255 1323 1320 tuum

323 1369 453 1454 regiam
468 1369 616 1452 puellam
630 1365 692 1438 tibi
706 1365 846 1450 eripiet;
868 1365 976 1437 satius
987 1371 1105 1436 tamen
1116 1364 1324 1438 arbitramur

324 1494 365 1557 ut
379 1486 422 1557 de
435 1485 490 1556 his
503 1485 607 1555 rebus
620 1484 711 1569 patri
731 1483 815 1554 nihil
839 1483 973 1566 dixeris,
997 1482 1088 1567 quod
1102 1483 1175 1566 ipse
1196 1482 1322 1555 tibine

324 1602 471 1674 verbum
485 1601 624 1686 quidem
638 1601 770 1682 credet;
791 1601 941 1684 insuper,
963 1600 991 1670 si
1016 1607 1092 1670 tute
1117 1601 1322 1673 ardelionem

325 1719 521 1805 praebueris,
538 1717 618 1789 vide
629 1739 674 1788 ne
687 1717 796 1787 vitam
812 1715 1010 1801 pericliteris
1024 1723 1137 1800 tuam;
1159 1717 1252 1802 quin,
1267 1741 1325 1802 po·

324 1837 404 1920 tius,
419 1836 454 1906 in
470 1856 553 1919 pace
574 1834 698 1918 silebis,
720 1841 758 1904 et
772 1833 819 1904 sic
833 1854 895 1918 per
908 1853 971 1904 nos
991 1833 1123 1904 salvere
1148 1842 1185 1905 et
1209 1836 1323 1907 valere

325 1951 549 2024 tibilicebit”

408 2069 482 2140 Rex
510 2089 614 2140 senex
639 2089 801 2152 magnam
825 2067 912 2138 iram
935 2067 1119 2138 adversum
1144 2068 1325 2141 minimum

324 2188 432 2260 filiurn
447 2184 611 2269 concepit,
624 2185 831 2268 caedereque
845 2183 1028 2255 videbatur
1040 2205 1121 2256 eum
1141 2207 1260 2258 necem
1284 2188 1325 2260 si·

325 2304 360 2375 bi
374 2305 545 2375 intentare
567 2301 725 2372 voluisse.
747 2300 977 2385 Quamobrem
1001 2302 1179 2374 consilium
1202 2325 1326 2378 convo-

326 2420 417 2492 cavit
430 2419 575 2503 reaium
597 2424 639 2488 ut
662 2425 876 2489 statueretur
897 2416 981 2500 quid
1002 2418 1096 2490 facto
1119 2441 1205 2504 opus
1226 2429 1326 2495 esset.

326 2537 459 2610 Placuit
473 2535 611 2607 consiliu
625 2535 660 2605 id
673 2535 802 2606 crimen
815 2533 960 2619 ‘capitale
974 2534 1328 2619 videri,cuiusauctnr

326 2675 407 2726 reus
420 2653 541 2724 mortis
555 2659 655 2722 esset.
677 2651 800 2723 luveni
814 2672 955 2736 prorsus
966 2653 1124 2738 ignotum
1146 2664 1222 2728 erat
1246 2659 1329 2742 qnid

325 2777 506 2858 gereretur
519 2789 630 2852 usque
643 2768 688 2839 ad
701 2790 783 2840 eum
807 2767 897 2840 diem
919 2790 988 2853 quo
1009 2771 1193 2844 saltuarius
1212 2775 1329 2858 regius

325 2909 406 2960 cum
430 2908 471 2958 eo
495 2891 663 2956 venatum
692 2883 821 2956 ivisset.
847 2885 921 2956 Hoc
945 2885 982 2956 in
1006 2886 1138 2972 itinere,
1162 2911 1270 2974 quum
1291 2891 1327 2963 in

326 3001 510 3091 quemdam
524 3002 637 3072 locum
663 3001 795 3072 clarum
821 3023 861 3072 ac
887 3001 1077 3075 solitarium
1100 3006 1330 3092 advenissent,

325 3127 505 3206 perspecta
518 3117 673 3190 saltuarii
687 3117 837 3202 tristitia,
852 3118 988 3190 iuvenis
1000 3129 1221 3204 percontatus
1234 3123 1330 3196 abeo

325 3245 389 3321 est,
404 3235 487 3321 quid
502 3241 574 3305 tam
589 3234 698 3306 tristis
711 3234 899 3318 videretur,
913 3235 968 3308 his
981 3237 1113 3309 verbis:
1129 3237 1197 3310 “Mi
1212 3241 1329 3326 amine,

326 3354 409 3440 quid
424 3352 473 3424 rei
488 3349 585 3422 estl”

410 3469 578 3540 “Causam
593 3468 741 3539 tristitiae
766 3489 853 3540 meae
876 3469 941 3540 tibi
964 3471 1133 3555 explicare
1157 3493 1221 3544 nec
1246 3474 1330 3546 libet

326 3587 421 3671 mihi,
436 3607 498 3656 nec
514 3584 654 3668 audeo,”
669 3585 724 3656 hic
739 3585 923 3670 respondit

410 3705 458 3775 At
472 3701 608 3774 iuvenis
623 3702 784 3786 instabat,
799 3703 897 3774 etsie
912 3724 993 3775 eum
1008 3705 1225 3778 sollieitabat:
1247 3705 1330 3780 “Dic

328 3820 429 3893 modo
453 3819 618 3904 quidnam
644 3820 690 3890 sit
714 3819 760 3903 id,
781 3840 845 3891 nec
865 3827 968 3904 putes
982 3843 1037 3893 me
1051 3822 1180 3894 iratum
1194 3825 1281 3909 fore,
1295 3832 1332 3897 et

327 3937 390 4009 tibi
404 3957 544 4021 prorsus
559 3935 789 4008 condonabo.”

412 4051 564 4136 “Eheu'’
578 4053 677 4125 fatur
692 4054 886 4139 salmarius,
903 4053 984 4126 “rer
997 4075 1053 4126 me
1078 4063 1114 4126 te
1136 4056 1332 4129 interimere

327 4169 456 4242 iussit”
