3522 5156
645 997 816 1052 cuorum
844 999 1020 1054 rnnnmur
1291 989 1334 1058 21

415 1160 666 1247 Comparitione
692 1165 755 1238 hac
779 1167 963 1252 improvisa
987 1170 1120 1254 beatus,
1146 1169 1335 1240 Aladdiuus

331 1280 527 1361 respondit:

416 1395 487 1468 “Mi
502 1400 612 1485 genie,
627 1423 728 1473 serva
743 1425 856 1474 meam
870 1405 980 1474 vitam
1005 1405 1143 1489 iterum,
1156 1426 1213 1475 me
1226 1404 1271 1475 ad
1286 1405 1333 1475 lo·

332 1533 412 1582 cum
427 1518 680 1590 transvehendo
694 1519 755 1590 ubi
769 1521 936 1605 palatium
949 1544 1067 1593 meum
1083 1522 1189 1594 situm
1204 1522 1259 1604 sit;
1273 1527 1336 1592 aut

332 1655 415 1705 vero
430 1634 625 1707 revehendo
639 1638 803 1721 palatium
816 1660 933 1710 meum
956 1638 992 1710 in
1017 1641 1129 1710 locum
1151 1637 1212 1710 ubi
1233 1645 1336 1709 antea

332 1752 460 1822 stetit.”

416 1868 590 1941 “Alteram
615 1873 778 1958 propositi
801 1875 967 1958 partem,''
997 1873 1171 1958 respondit
1201 1873 1336 1958 genius,

331 1983 419 2070 “ego
434 1987 596 2070 perficere
609 2011 754 2074 nequeo,
771 1991 862 2075 quod
884 2013 949 2077 ego
974 2013 1096 2062 servus
1121 1991 1239 2062 annuli
1261 1998 1335 2062 tan·

333 2108 409 2173 tum
434 2125 531 2188 sum;
552 2113 595 2177 ut
614 2108 780 2191 palatium
794 2108 991 2192 revehatur,
1020 2131 1161 2180 servum
1186 2109 1336 2179 lucernae

332 2227 369 2290 te
381 2220 498 2292 iubere
513 2224 699 2307 oportebit;
721 2225 781 2296 sed
796 2226 979 2310 quaesihrm
999 2227 1147 2297 alterum
1173 2225 1338 2309 perlicere

333 2340 505 2420 possum?

417 2455 489 2528 Nec
504 2479 611 2529 mora.
626 2458 814 2530 Aladdinus
828 2459 948 2530 eodem
962 2461 1039 2531 fere
1062 2466 1236 2530 momento
1249 2465 1336 2528 tem·

332 2576 423 2661 poris
437 2583 568 2646 seante
584 2577 750 2660 palatium
773 2599 876 2648 suum
903 2584 1053 2648 stantem
1079 2576 1216 2660 reperit.
1238 2575 1337 2646 Tunc

331 2716 401 2765 nox
416 2700 502 2776 erat,
517 2694 658 2778 prohinc
673 2694 863 2765 Aladdinus
883 2695 948 2766 sub
964 2695 1085 2766 arbore
1110 2693 1338 2778 procumbens

332 2812 557 2896 pernoctavit,
573 2811 632 2882 sed
647 2820 784 2896 postero
808 2812 875 2896 die,
901 2813 1013 2896 prima
1036 2811 1122 2894 luce,
1148 2810 1213 2882 sub
1239 2811 1333 2880 fene·

331 2929 412 3000 stris
425 2929 594 3000 conclavis
609 2929 726 3012 Regiae
741 2929 835 3000 Filiae
859 2929 1080 3001 obambulare
1095 2928 1209 3012 coepit,
1224 2927 1252 2998 si
1267 2949 1336 3011 quo

330 3067 411 3116 casu
426 3047 500 3130 ipsa
515 3068 551 3116 se
573 3045 871 3117 animadverteret.
902 3047 986 3117 Eius
1010 3067 1189 3117 servorum
1213 3043 1337 3129 aliquis

331 3163 470 3234 demum
480 3164 603 3234 herum
613 3165 766 3248 agnovit.
775 3163 883 3248 Regia
892 3163 987 3246 Filia,
995 3185 1104 3248 quum
1112 3163 1211 3233 novis
1220 3162 1339 3232 iucun-

331 3279 383 3352 dis
404 3281 464 3351 vix
487 3281 589 3352 fidem
615 3288 807 3366 praestaret,
831 3282 906 3365 ipsa
930 3280 1079 3364 denique
1109 3277 1340 3364 prospectavit

332 3399 565 3484 maritumque
586 3399 738 3484 agnovit.
760 3397 896 3470 Ostium
910 3397 958 3468 illi
972 3397 1155 3468 confestim
1179 3403 1339 3480 apertum

332 3521 394 3600 eet,
410 3537 519 3600 eoque
533 3516 699 3601 ingresso,
713 3515 904 3586 Aladdinus
929 3522 965 3585 et
990 3535 1087 3597 uxor,
1113 3534 1186 3597 prce
1211 3511 1338 3596 gaudio

332 3655 373 3705 ac
386 3633 551 3704 felicitate
565 3633 833 3717 lacrymabundi,
848 3632 975 3702 iterum
990 3631 1188 3715 iterumque
1212 3651 1249 3700 se
1270 3649 1340 3700 am·

335 3751 462 3836 plexati
477 3759 569 3822 sunt.

419 3869 506 3941 Dein
532 3869 579 3940 sic
606 3870 705 3940 fatur
727 3867 935 3938 Aladdinus:
957 3865 1046 3938 “Tui
1072 3864 1178 3949 ipsius
1201 3863 1338 3947 meique

334 3987 458 4072 gratia,
474 3985 583 4070 Regia
598 3985 693 4068 Filia,
708 3985 762 4056 dic
777 3983 870 4066 mihi,
885 3983 1035 4066 obsecro,
1052 4003 1119 4066 quo
1133 3980 1273 4051 devenit
1287 3982 1339 4051 lu·

332 4125 437 4176 cerna
451 4105 510 4175 illa
519 4103 676 4188 antiqua,
687 4121 803 4186 quam,
814 4099 1016 4184 priusquam
1025 4105 1188 4168 venatam
1198 4097 1339 4179 iveram,

333 4223 369 4294 in
385 4227 544 4307 pegmate
564 4221 653 4292 aulae
666 4217 830 4304 reliquil'
