3554 5156
681 1949 849 2032 AQVA
883 1947 1053 2019 VITAE

454 2497 637 2650 LONGE
657 2568 815 2639 ANTEA
835 2589 938 2652 quam
953 2568 1027 2638 sive
1041 2588 1116 2650 ego,
1139 2566 1212 2638 sive
1228 2573 1278 2648 tu,
1293 2564 1367 2635 nati

364 2709 530 2770 essemus,
544 2687 580 2756 in
596 2708 702 2779 regno
717 2686 866 2770 quodam
879 2706 1046 2769 perquam
1066 2684 1184 2756 dissito
1200 2683 1368 2768 regnabat

365 2826 438 2888 rex,
453 2803 513 2888 qui
527 2811 600 2874 tres
611 2803 699 2897 iilius
712 2803 870 2874 habebat.
882 2802 947 2873 Hic
961 2824 1022 2874 rex
1037 2802 1210 2886 quondam
1223 2801 1258 2871 in
1270 2800 1368 2884 agri·

366 2921 524 2992 tudinem
549 2919 678 3003 incidit,
694 2919 792 2990 etita
807 2919 956 3004 quidem,
971 2927 1128 2990 utnemo
1154 2941 1234 2990 eum
1258 2918 1368 2989 victu·

364 3061 444 3110 rum
458 3037 622 3109 crederet.
634 3037 709 3107 Filii
724 3037 931 3120 aegritudine
948 3037 1056 3121 patris
1070 3057 1197 3120 magno
1221 3055 1367 3105 moerore

364 3155 621 3236 afficiebantur;
643 3161 680 3224 et
708 3161 748 3224 ut
777 3153 812 3223 in
842 3154 943 3223 horto
976 3153 1093 3237 palatii
1121 3153 1244 3224 flentes
1273 3152 1368 3223 ober-

366 3271 500 3355 rabant,
531 3293 636 3342 senex
664 3269 804 3354 quidam
835 3271 876 3341 iis
908 3270 1046 3340 obviarn
1074 3272 1190 3341 iactus
1215 3275 1278 3353 est,
1305 3269 1366 3352 qui

362 3389 409 3459 ab
433 3388 476 3458 iia
499 3387 739 3458 sciscitabatur
752 3387 835 3471 quid
858 3387 1051 3458 contristati
1075 3393 1198 3458 carent.
1220 3387 1368 3458 Iuvenes

362 3505 472 3590 igitur
485 3503 676 3576 narrabant
691 3504 764 3575 seni
778 3504 821 3575 de
835 3504 944 3588 patria
958 3504 1175 3588 egritudine,
1191 3524 1296 3587 seque
1312 3504 1368 3575 de·

362 3642 502 3707 sperare
513 3620 651 3692 aiebant
664 3641 746 3692 eurn
762 3620 952 3704 quidquam
964 3641 1103 3692 servare
1117 3641 1226 3705 posse.

450 3737 563 3823 “Quin
578 3759 644 3822 ego
658 3737 727 3810 acio
743 3737 858 3822 quid,’'
874 3739 984 3809 refert
1000 3759 1114 3819 senex,
1134 3736 1259 3822 “Aqua
1278 3738 1369 3809 Vitae

363 3856 401 3927 id
416 3855 550 3927 efficere
563 3862 687 3940 noaret
702 3854 737 3927 Si
752 3875 814 3926 rex
826 3855 883 3926 vel
898 3855 1063 3926 haustum
1083 3855 1158 3926 eius
1171 3875 1368 3940 comparare

364 3978 490 4058 posset,
511 3973 668 4055 protinus
681 3973 829 4054 valeret;
850 3971 996 4044 obtentu
1016 3978 1132 4043 tamen
1155 3993 1197 4044 ea
1218 3971 1369 4044 difficilli-

365 4112 424 4164 ma
438 4090 522 4162 eutl'
581 4099 582 4104 ‘

450 4207 543 4278 Turn
557 4206 704 4278 filiorum
719 4207 890 4279 maximus
899 4213 985 4278 natu
996 4205 1118 4288 aiebat,
1134 4205 1203 4277 “At
1216 4227 1282 4290 ego
1291 4227 1367 4278 eam
