3554 5156
420 937 485 1007 122
802 947 884 1004 mm
906 946 1044 1003 omens

416 1117 682 1201 nauciiaciebat;
706 1117 809 1188 silens
831 1115 937 1187 flebat
963 1135 1004 1186 ac
1032 1113 1183 1198 lugebat,
1205 1113 1313 1184 'etiam
1335 1111 1419 1182 dum

417 1236 593 1309 domestici
608 1235 712 1320 regiis
725 1233 850 1306 tunicis
863 1255 904 1304 ac
918 1233 1013 1304 stolis
1027 1253 1103 1302 eam
1117 1231 1331 1314 amiciebant,
1345 1250 1420 1313 pre·

417 1352 805 1438 tiosasquemargaritas
814 1371 1001 1422 comaesuae
1008 1349 1420 1434 interplectebantatque

418 1471 532 1543 mollia
546 1471 705 1542 manucia
718 1469 877 1556 manibus
901 1467 973 1540 suis
994 1466 1179 1551 pustulatis
1200 1465 1419 1537 inducebant.

502 1653 605 1725 Nunc
617 1675 711 1738 vero,
725 1654 786 1726 ubi
800 1653 873 1738 ipsa
887 1653 982 1737 regio
992 1652 1170 1737 splendore
1179 1651 1301 1723 induta
1314 1657 1420 1734 atque

418 1778 540 1845 ornata
553 1772 589 1842 in
602 1771 714 1842 medio
727 1771 851 1855 stabat,
865 1769 1083 1852 pulchritudo
1108 1771 1182 1841 eius
1204 1769 1254 1840 ita
1278 1769 1422 1852 effulge-

419 1889 491 1973 bat,
505 1896 547 1960 ut
560 1889 676 1960 cuncti
690 1889 791 1960 aulici
806 1910 882 1958 eam
898 1895 1078 1971 stupentes
1092 1909 1166 1958 sese
1178 1886 1351 1971 profunde
1362 1907 1421 1956 an·

416 2013 454 2078 te
479 2027 557 2077 eam
578 2006 816 2091 proclinarent,
839 2027 901 2076 rex
925 2027 1008 2076 vero
1031 2027 1108 2076 eam
1121 2005 1157 2075 in
1172 2025 1331 2088 sponsam
1356 2001 1420 2074 sibi

417 2123 532 2208 elegit,
546 2123 683 2194 tametsi
697 2123 980 2207 Archiepiscopus
993 2129 1097 2206 caput
1112 2121 1299 2205 quatiebat,
1320 2121 1421 2192 clam·

419 2261 486 2324 que
501 2241 713 2324 susurrabat,
727 2240 792 2312 sub
807 2239 918 2324 specie
937 2238 1037 2310 istius
1059 2237 1296 2323 praeherrimae
1320 2237 1422 2321 virgi·

418 2357 473 2428 nis
487 2357 663 2442 sylvestris
676 2359 749 2428 sine
763 2357 976 2428 dubitatione
989 2377 1108 2440 sagam
1123 2356 1332 2436 delitescere,
1341 2374 1422 2437 quae

419 2474 595 2545 adstantes
609 2474 825 2557 obcoecasset,
840 2474 914 2558 regi
925 2480 1043 2544 autem
1057 2493 1133 2543 eam
1144 2472 1344 2557 depereunti
1366 2493 1421 2542 ca·

420 2598 486 2674 put
501 2592 672 2662 vertisset.

502 2759 551 2830 At
564 2781 626 2830 rex
638 2767 763 2830 cuncta
776 2761 849 2830 haec
864 2758 1003 2844 sprevit
1035 2759 1125 2830 Loco
1140 2760 1264 2830 borum
1277 2756 1420 2829 chorum

420 2876 590 2948 musicum
613 2877 749 2960 accersi,
772 2877 1039 2961 conviviumque
1068 2875 1217 2946 maxime
1240 2876 1421 2960 opiparum

418 2993 577 3078 apparari
589 2993 705 3078 iussit,
726 2994 878 3078 virgines
890 2993 1145 3066 formosissimae
1157 2992 1422 3076 adductaenym·

419 3109 524 3194 pham
538 3111 848 3195 circumsaltabant,
871 3119 950 3182 tum
963 3111 1037 3196 ipsa
1051 3132 1113 3196 per
1124 3113 1322 3194 fragrantes
1344 3110 1422 3180 hor·

419 3235 474 3299 tos
486 3227 523 3298 in
537 3231 634 3300 aulas
647 3227 846 3312 magnificas
858 3228 1111 3309 deducebatur;
1131 3229 1216 3299 nihil
1230 3235 1347 3299 tamen
1362 3227 1420 3298 ho·

419 3367 498 3416 rum
513 3347 569 3416 vel
582 3346 626 3417 ad
640 3346 769 3431 placide
784 3346 1021 3429 recidendum,
1042 3367 1105 3416 nec
1118 3345 1174 3417 vel
1189 3345 1357 3416 radiolum
1370 3346 1420 3415 fe·

418 3462 555 3534 licitatis
570 3486 613 3534 ex
626 3463 732 3535 oculis
745 3463 820 3535 eius
833 3464 1033 3534 elicuerunt.
1044 3463 1147 3534 Nunc
1161 3485 1222 3534 rex
1236 3465 1421 3548 parvulum

420 3578 626 3664 cubiculum,
649 3581 850 3665 contiguum
878 3581 979 3651 Elisae
998 3580 1194 3652 dormitorio
1207 3581 1344 3665 aperuit
1351 3602 1360 3664 ;
1385 3580 1421 3651 id

421 3697 630 3780 sumptuosis
653 3698 780 3780 tapetis
803 3697 968 3770 viridibus
992 3705 1067 3769 erat
1088 3698 1306 3781 instructum,
1328 3697 1420 3769 etin

421 3820 618 3885 accuratam
631 3813 886 3885 similitudinem
900 3815 992 3885 antri
1001 3823 1077 3886 erat
1086 3816 1351 3900 conformatum,
1362 3815 1423 3887 ubi

421 3929 495 4014 ipsa
508 3937 645 4015 reperta
659 3939 722 4002 est.
744 3932 784 4003 In
798 3932 954 4003 tabulato
979 3932 1112 4003 iacebat
1134 3933 1331 4016 manipulus
1352 3933 1423 4003 filo·

421 4068 509 4130 rum,
525 4068 603 4131 quae
617 4071 660 4118 ex
675 4049 757 4120 liciis
770 4049 960 4120 urticarum
973 4056 1126 4133 neverat,
1137 4071 1156 4120 e
1167 4050 1297 4133 pariete
1305 4057 1421 4121 autem

421 4163 589 4238 subucula
603 4165 782 4249 pendebat,
796 4187 901 4250 quam
914 4173 1220 4237 consummaverat.
1246 4167 1346 4238 Unus
1365 4188 1424 4238 ve·
