3540 5156
679 981 784 1035 suos
804 981 849 1034 nr
870 980 1006 1036 esucnrr
1280 965 1341 1038 175

341 1149 525 1232 punitum
538 1155 706 1232 nostrum,
720 1149 930 1220 imminentis
955 1151 1066 1220 ruinae
1089 1149 1280 1223 infortunio
1305 1150 1343 1221 li·

342 1266 434 1348 bera,
449 1288 512 1336 nec
527 1267 601 1336 illas
615 1267 773 1338 scelestes
786 1267 957 1349 foerninas,
972 1288 1058 1350 quus
1071 1267 1133 1338 tibi
1148 1276 1225 1352 post
1239 1268 1343 1339 inter·

341 1383 502 1454 necisum
518 1383 644 1468 odium,
658 1390 695 1454 et
710 1384 839 1454 calcata
853 1384 1031 1467 sanguinis
1053 1385 1186 1456 foedera
1210 1407 1343 1458 sorores

342 1502 512 1586 appellare
525 1523 595 1571 non
609 1501 697 1583 licet,
712 1502 767 1572 vel
782 1501 910 1584 videus,
925 1502 981 1571 vel
995 1503 1124 1586 audias,
1139 1524 1247 1587 quum
1271 1525 1341 1574 mo·

341 1641 379 1690 re
392 1619 551 1691 Sirenum
565 1619 703 1702 scopulo
718 1619 949 1702 prominentes
972 1619 1123 1690 funestis
1135 1621 1277 1692 vocibus
1291 1643 1343 1692 sa-

342 1758 387 1807 xa
402 1735 667 1820 personabunt.”

424 1853 598 1936 Suscipit⁸²
613 1852 754 1936 Psyche,
769 1853 924 1936 singultu
938 1854 1126 1937 lacrymoso
1151 1877 1341 1926 sermonem

341 1971 556 2043 incertuns:ll
1423 2063 1428 2074 .

426 2087 520 2158 “Iam
536 2086 667 2158 dudum
683 2086 773 2170 quod
788 2087 902 2170 sciam,
917 2087 996 2158 fidei
1018 2094 1123 2172 atque
1146 2089 1343 2173 parciloquii

341 2207 409 2276 mei
424 2205 633 2289 perpendisti
648 2204 871 2285 documentu;
892 2227 955 2274 nec
981 2227 1021 2275 eo
1044 2205 1155 2275 secius
1179 2208 1344 2290 approba-

342 2323 435 2394 bitur
449 2323 511 2392 tibi
533 2343 626 2392 nunc
641 2322 745 2391 etiam
768 2321 913 2391 firmitas
936 2322 1041 2391 animi
1066 2321 1143 2392 mei.
1165 2323 1220 2392 Tu
1241 2323 1341 2394 modo

342 2439 497 2524 Zephyro
512 2446 629 2509 nostro
644 2459 782 2508 rursum
797 2439 952 2522 prmcipe,
973 2439 1145 2522 iungatur
1168 2439 1341 2524 obsequio,

339 2564 376 2629 et
387 2559 423 2627 in
438 2559 549 2628 vicem
564 2557 743 2640 denegatae
758 2563 981 2626 sacrosanctae
1002 2555 1160 2639 imaginis
1174 2563 1256 2640 tuae,
1267 2558 1341 2628 red-

341 2674 383 2744 de
394 2681 532 2744 tantum
542 2681 762 2757 conspectum
772 2695 938 2756 sororum,
945 2693 1007 2756 per
1017 2673 1100 2743 istos
1111 2673 1342 2758 cinnameos,⁸⁴

340 2800 376 2863 et
390 2792 542 2876 undique
558 2791 724 2875 pendulos
748 2791 857 2862 crines
872 2799 963 2874 tuos,
978 2813 1040 2874 per
1054 2797 1191 2862 teneras
1204 2800 1240 2861 et
1254 2800 1342 2863 tere-

340 2917 404 2993 tes,
418 2919 453 2980 et
468 2909 536 2980 mei
550 2909 677 2980 similes
690 2930 806 2992 genas,
821 2929 883 2992 per
897 2917 1027 2992 pectus,
1044 2909 1157 2979 nescio
1172 2931 1240 2992 quo
1255 2911 1342 2981 calo-

340 3049 377 3098 re
391 3027 577 3098 fervidum.
599 3025 653 3097 Sic
678 3027 715 3096 in
740 3027 803 3096 hoc
826 3027 947 3095 saltem
970 3026 1115 3109 parvulo
1139 3047 1340 3109 cognoscam

338 3145 463 3216 faciem
477 3151 586 3226 tuam,
602 3143 762 3227 supplicis
776 3143 887 3212 anxiae
907 3143 971 3226 piis
995 3143 1152 3226 precibus
1178 3151 1341 3226 erogatus

338 3261 495 3345 germani
508 3261 705 3344 complexis
720 3259 858 3343 indulge
884 3258 1050 3343 fructum,
1066 3266 1102 3330 et
1117 3259 1178 3328 tibi
1194 3258 1340 3345 devotae,

337 3379 518 3462 charaeque
533 3377 682 3461 Psyches
696 3377 848 3446 animum
862 3376 988 3460 gaudio
1004 3398 1128 3460 recrea,
1153 3401 1217 3449 nec
1242 3380 1341 3464 quid·

338 3518 443 3582 quam
458 3495 605 3580 amplius
619 3495 655 3564 in
669 3501 730 3564 tuo
758 3494 859 3564 vultu
882 3493 1028 3577 requiro.
1052 3493 1124 3563 Iam
1139 3497 1222 3566 nihil
1237 3499 1339 3569 offici·

337 3620 403 3685 unt
416 3612 500 3682 mihi
512 3634 577 3682 nec
591 3611 674 3694 ipsae
687 3617 867 3682 noctumae
876 3610 1038 3681 tenebrae.
1049 3611 1166 3682 Teneo
1177 3620 1211 3683 te
1222 3635 1339 3685 meum

340 3731 489 3801 lumen.''

441 3949 483 4000 82.
500 3946 618 4012 Excipit,
633 3944 803 4012 prosequitur
816 3959 976 4005 sermonem,
987 3945 1141 4011 respondet.

441 4015 483 4068 8³.
500 4013 604 4068 hcerbo
617 4012 684 4065 fletu
696 4026 849 4064 sermonem
860 4027 939 4064 suum
952 4009 1101 4064 incertum
1122 4013 1238 4067 reddens
1258 4021 1341 4084 utque

340 4081 541 4136 indistinctum.

442 4149 484 4200 84.
501 4148 596 4201 Crines
607 4143 764 4208 manumet,
779 4145 887 4198 odorem
900 4143 1073 4208 cinnamomi,
1087 4147 1131 4199 vel
1144 4147 1273 4211 cinnami,
1285 4151 1342 4204 red·

341 4215 455 4276 olentes,
466 4215 557 4268 odoris
567 4211 732 4266 suavissimi.
