3554 5156
716 960 816 1026 noua
836 961 935 1017 vrum
1281 945 1324 1016 91

325 1134 463 1218 Aquam
484 1132 576 1204 vitae
600 1129 785 1216 quesitum
810 1127 965 1214 profecti,
991 1148 1171 1212 nunquam
1195 1128 1326 1200 reversi

324 1250 481 1324 aamtt’

408 1365 598 1452 ‘mquidem
627 1365 717 1448 eos‚”
742 1363 852 1436 refert
875 1362 1057 1446 homullus,
1083 1360 1266 1446 “quoniam
1286 1384 1324 1434 se

323 1484 491 1569 superbos
504 1504 589 1568 erga
600 1503 656 1554 me
670 1480 916 1566 prestiterant,
930 1501 994 1551 nec
1007 1499 1064 1550 me
1077 1481 1253 1551 consulere
1273 1479 1324 1551 di·

322 1602 530 1687 mabanmr,
544 1599 634 1671 inter
648 1599 735 1670 duos
747 1605 883 1668 montes
895 1597 1050 1668 occlusi.”

406 1717 546 1790 Iuvenis
559 1715 860 1788 tantaconstantia
869 1713 1323 1798 flagitabatgratiasuorum

320 1837 484 1920 fratrum,
498 1842 541 1905 ut
555 1832 696 1919 pumilio
709 1833 851 1904 tandem
867 1853 925 1903 eos
939 1831 1111 1914 liberaret,
1136 1831 1216 1903 licet
1237 1831 1323 1904 invi·

321 1960 389 2037 tus,
403 1953 464 2024 sed
478 1953 526 2024 sic
540 1973 622 2024 eum
637 1949 865 2023 commonuit:
887 1948 1000 2021 “Cave
1020 1948 1083 2021 tibi
1098 1948 1141 2020 ab
1156 1949 1215 2033 eis,
1231 1949 1321 2020 malo

322 2070 413 2142 enim
426 2079 509 2142 sunt
523 2070 655 2141 corde.”
670 2069 748 2153 lpse
766 2074 884 2137 tamen
903 2087 1024 2137 eorum
1042 2067 1122 2137 visu
1135 2067 1322 2138 admodum

321 2189 462 2273 gavisus
476 2195 538 2271 est,
553 2187 739 2270 statimque
754 2183 928 2256 enarravit
943 2183 992 2255 eis
1004 2190 1118 2254 totum
1143 2184 1234 2267 quod
1256 2183 1321 2255 sibi

321 2306 508 2377 evenisset:
530 2305 672 2376 modum
694 2325 762 2387 quo
782 2304 920 2386 Aquam
943 2302 1034 2374 Vitae
1053 2303 1244 2386 reperisset,
1259 2303 1319 2386 qui

320 2424 486 2507 scyphum
501 2422 574 2493 eius
587 2423 793 2504 abstulisset,
809 2420 1098 2504 quemadmodum
1124 2421 1321 2492 venustissi-

320 2561 412 2610 mam
427 2539 558 2623 regiam
578 2537 748 2623 virginem
774 2560 796 2608 a
818 2537 964 2609 vinculis
986 2537 1319 2610 incantamentorum

319 2656 505 2740 liberasset,
532 2657 688 2740 denique,
712 2655 1000 2740 quemadmodum
1025 2655 1098 2740 ipso
1122 2663 1236 2727 toturn
1261 2677 1320 2728 an·

317 2794 403 2845 num
416 2774 461 2845 ad
475 2773 741 2858 exspectandum
754 2772 1003 2858 praestituisset,
1018 2794 1087 2857 quo
1101 2775 1319 2857 praeteritum

317 2891 391 2976 ipso
403 2891 466 2962 sibi
480 2899 634 2976 nuptura
648 2897 748 2974 esset,
763 2912 979 2975 regnumque
993 2891 1057 2962 sibi
1071 2891 1249 2964 donatura.

402 3008 490 3079 Hinc
504 3031 622 3080 omnes
635 3015 707 3080 tres
721 3011 792 3079 una
806 3007 1060 3093 abequitarunt.
1075 3010 1115 3080 In
1128 3011 1250 3082 itinere
1260 3011 1317 3082 do·

316 3145 413 3197 mum
426 3147 548 3198 versus
561 3125 597 3196 in
612 3147 759 3209 regnum
774 3127 945 3211 quoddam
966 3135 1209 3212 pervenerunt,
1224 3127 1317 3212 quod

317 3242 405 3314 bello
419 3242 648 3326 devastatum,
663 3244 826 3329 fameque
839 3244 889 3315 ita
903 3245 947 3315 ad
961 3251 1116 3316 extrema
1137 3245 1317 3316 redactum

314 3359 532 3444 invenenmt,
548 3367 590 3431 ut
604 3381 723 3432 omnes
737 3361 940 3446 superstites
953 3361 1017 3434 sibi
1030 3363 1245 3447 pereundum
1259 3385 1317 3434 ex·

315 3478 518 3549 intimarent
539 3477 671 3549 Verum
691 3479 808 3564 regius
831 3479 966 3551 invenis
979 3501 1104 3564 panem
1117 3501 1221 3552 suurn
1241 3481 1316 3566 regi

314 3595 388 3666 eius
400 3596 516 3679 gentis
529 3593 663 3680 obmdt,
679 3617 748 3680 quo
761 3604 798 3668 et
812 3619 884 3681 rex,
898 3605 935 3668 et
948 3599 1064 3670 cuncti
1088 3599 1162 3670 eiua
1186 3601 1314 3672 subditi

313 3712 552 3784 vescebantur.
574 3712 728 3797 Insuper,
741 3713 888 3786 mirabili
901 3736 965 3786 suo
979 3737 1060 3788 ense
1080 3737 1199 3790 omnes
1220 3741 1315 3790 exer·

312 3829 402 3902 citus
415 3829 566 3900 bostium
582 3831 719 3914 delevit,
734 3831 860 3916 quibus
873 3833 981 3916 pestis
1005 3855 1152 3919 regnum
1172 3836 1208 3907 in
1229 3857 1314 3922 pace

312 3953 349 4017 et
370 3945 530 4017 ubertate
545 3946 692 4030 reliquit.
713 3947 844 4020 Eodem
864 3949 966 4021 modo
990 3951 1096 4022 etiam
1121 3953 1205 4025 alias
1227 3954 1315 4026 duas

312 4069 436 4147 gentes
450 4063 485 4133 in
501 4085 564 4134 suo
578 4063 700 4136 itinere
712 4066 786 4150 pari
800 4065 963 4139 beneficio
978 4069 1102 4141 affecit

393 4179 627 4254 Advenientes
649 4181 694 4254 ad
718 4187 938 4269 moremati
960 4193 1044 4258 sunt
1057 4187 1185 4273 navim,
1206 4210 1311 4273 quam
