<?xml version="1.0" encoding="UTF-8"?>
<!DOCTYPE html PUBLIC "-//W3C//DTD XHTML 1.0 Transitional//EN"
    "http://www.w3.org/TR/xhtml1/DTD/xhtml1-transitional.dtd">
<html xmlns="http://www.w3.org/1999/xhtml" xml:lang="en" lang="en">
 <head>
  <title>
</title>
<meta http-equiv="Content-Type" content="text/html;charset=utf-8" />
  <meta name='ocr-system' content='tesseract 3.04.00' />
  <meta name='ocr-capabilities' content='ocr_page ocr_carea ocr_par ocr_line ocrx_word'/>
</head>
<body>
  <div class='ocr_page' id='page_1' title='image "./fabuldivalesexn00apulgoog_0120.png"; bbox 0 0 3554 5156; ppageno 0'>
   <div class='ocr_carea' id='block_1_1' title="bbox 669 939 1296 1014">
    <p class='ocr_par' dir='ltr' id='par_1_1' title="bbox 669 939 1296 1014">
     <span class='ocr_line' id='line_1_1' title="bbox 669 939 1296 1014; baseline -0.008 1"><span class='ocrx_word' id='word_1_1' title='bbox 669 957 750 1014; x_wconf 79' lang='lat' dir='ltr'><strong>amu</strong></span> <span class='ocrx_word' id='word_1_2' title='bbox 776 957 917 1014; x_wconf 78' lang='lat' dir='ltr'><strong>omnus</strong></span> <span class='ocrx_word' id='word_1_3' title='bbox 1231 939 1296 1010; x_wconf 88' lang='lat'><strong>109</strong></span> 
     </span>
    </p>
   </div>
   <div class='ocr_carea' id='block_1_2' title="bbox 295 1125 1309 3558">
    <p class='ocr_par' dir='ltr' id='par_1_2' title="bbox 295 1125 1298 1321">
     <span class='ocr_line' id='line_1_2' title="bbox 295 1125 1298 1211; baseline -0.005 -10"><span class='ocrx_word' id='word_1_4' title='bbox 295 1131 380 1202; x_wconf 87' lang='lat' dir='ltr'><strong>visio</strong></span> <span class='ocrx_word' id='word_1_5' title='bbox 409 1129 580 1200; x_wconf 89' lang='lat' dir='ltr'><strong>somnium</strong></span> <span class='ocrx_word' id='word_1_6' title='bbox 608 1127 743 1211; x_wconf 85' lang='lat' dir='ltr'><strong>fuisset,</strong></span> <span class='ocrx_word' id='word_1_7' title='bbox 767 1149 812 1198; x_wconf 88' lang='lat' dir='ltr'><strong>an</strong></span> <span class='ocrx_word' id='word_1_8' title='bbox 838 1127 912 1211; x_wconf 84' lang='lat' dir='ltr'><strong>ipsa</strong></span> <span class='ocrx_word' id='word_1_9' title='bbox 936 1146 1058 1197; x_wconf 85' lang='lat' dir='ltr'><strong>revera</strong></span> <span class='ocrx_word' id='word_1_10' title='bbox 1082 1125 1129 1196; x_wconf 94' lang='lat' dir='ltr'><strong>sic</strong></span> <span class='ocrx_word' id='word_1_11' title='bbox 1151 1125 1298 1197; x_wconf 87' lang='lat' dir='ltr'><strong>custodi·</strong></span> 
     </span>
     <span class='ocr_line' id='line_1_3' title="bbox 299 1255 405 1321; baseline -0.028 0"><span class='ocrx_word' id='word_1_12' title='bbox 299 1255 405 1321; x_wconf 85' lang='lat' dir='ltr'><strong>retur.</strong></span> 
     </span>
    </p>

    <p class='ocr_par' dir='ltr' id='par_1_3' title="bbox 297 1359 1301 1917">
     <span class='ocr_line' id='line_1_4' title="bbox 379 1359 1297 1448; baseline -0.002 -14"><span class='ocrx_word' id='word_1_13' title='bbox 379 1363 442 1435; x_wconf 89' lang='lat' dir='ltr'><strong>His</strong></span> <span class='ocrx_word' id='word_1_14' title='bbox 455 1363 614 1448; x_wconf 75' lang='lat' dir='ltr'><strong>cogitatis</strong></span> <span class='ocrx_word' id='word_1_15' title='bbox 627 1365 810 1446; x_wconf 86' lang='lat' dir='ltr'><strong>prosecuta</strong></span> <span class='ocrx_word' id='word_1_16' title='bbox 821 1361 899 1444; x_wconf 87' lang='lat' dir='ltr'><strong>iter,</strong></span> <span class='ocrx_word' id='word_1_17' title='bbox 907 1359 1009 1432; x_wconf 87' lang='lat' dir='ltr'><strong>obvia</strong></span> <span class='ocrx_word' id='word_1_18' title='bbox 1019 1359 1060 1432; x_wconf 85' lang='lat' dir='ltr'><strong>fit</strong></span> <span class='ocrx_word' id='word_1_19' title='bbox 1069 1360 1205 1432; x_wconf 88' lang='lat' dir='ltr'><strong>cuidam</strong></span> <span class='ocrx_word' id='word_1_20' title='bbox 1214 1361 1297 1433; x_wconf 86' lang='lat' dir='ltr'><strong>anui</strong></span> 
     </span>
     <span class='ocr_line' id='line_1_5' title="bbox 297 1477 1299 1565; baseline -0.004 -11"><span class='ocrx_word' id='word_1_21' title='bbox 297 1482 419 1554; x_wconf 84' lang='lat' dir='ltr'><strong>baccas</strong></span> <span class='ocrx_word' id='word_1_22' title='bbox 442 1480 479 1552; x_wconf 91' lang='lat' dir='ltr'><strong>in</strong></span> <span class='ocrx_word' id='word_1_23' title='bbox 504 1478 647 1565; x_wconf 85' lang='lat' dir='ltr'><strong>quasillo</strong></span> <span class='ocrx_word' id='word_1_24' title='bbox 669 1477 813 1563; x_wconf 79' lang='lat' dir='ltr'><strong>gerenti</strong></span> <span class='ocrx_word' id='word_1_25' title='bbox 842 1477 941 1549; x_wconf 87' lang='lat' dir='ltr'><strong>Anus</strong></span> <span class='ocrx_word' id='word_1_26' title='bbox 963 1498 1041 1548; x_wconf 87' lang='lat' dir='ltr'><strong>eam</strong></span> <span class='ocrx_word' id='word_1_27' title='bbox 1061 1477 1218 1562; x_wconf 82' lang='lat' dir='ltr'><strong>allocuta,</strong></span> <span class='ocrx_word' id='word_1_28' title='bbox 1239 1479 1299 1550; x_wconf 82' lang='lat' dir='ltr'><strong>ali-</strong></span> 
     </span>
     <span class='ocr_line' id='line_1_6' title="bbox 297 1593 1300 1684; baseline -0.002 -14"><span class='ocrx_word' id='word_1_29' title='bbox 297 1597 504 1684; x_wconf 69' lang='lat' dir='ltr'><strong>quantidum</strong></span> <span class='ocrx_word' id='word_1_30' title='bbox 518 1595 701 1668; x_wconf 85' lang='lat' dir='ltr'><strong>baccarum</strong></span> <span class='ocrx_word' id='word_1_31' title='bbox 715 1595 747 1666; x_wconf 90' lang='lat' dir='ltr'><strong>ei</strong></span> <span class='ocrx_word' id='word_1_32' title='bbox 761 1593 866 1678; x_wconf 85' lang='lat' dir='ltr'>dedit,</span> <span class='ocrx_word' id='word_1_33' title='bbox 880 1601 958 1666; x_wconf 88' lang='lat' dir='ltr'><strong>tum</strong></span> <span class='ocrx_word' id='word_1_34' title='bbox 971 1595 1063 1666; x_wconf 82' lang='lat' dir='ltr'><strong>Elisa</strong></span> <span class='ocrx_word' id='word_1_35' title='bbox 1083 1601 1184 1680; x_wconf 74' lang='lat' dir='ltr'><strong>grata</strong></span> <span class='ocrx_word' id='word_1_36' title='bbox 1206 1617 1300 1680; x_wconf 82' lang='lat' dir='ltr'><strong>qute-</strong></span> 
     </span>
     <span class='ocr_line' id='line_1_7' title="bbox 297 1712 1301 1798; baseline -0.003 -9"><span class='ocrx_word' id='word_1_37' title='bbox 297 1716 379 1789; x_wconf 80' lang='lat' dir='ltr'><strong>sivit</strong></span> <span class='ocrx_word' id='word_1_38' title='bbox 393 1737 437 1786; x_wconf 83' lang='lat' dir='ltr'><strong>ex</strong></span> <span class='ocrx_word' id='word_1_39' title='bbox 449 1736 501 1798; x_wconf 82' lang='lat' dir='ltr'><strong>aa,</strong></span> <span class='ocrx_word' id='word_1_40' title='bbox 515 1721 637 1786; x_wconf 88' lang='lat' dir='ltr'><strong>utrum</strong></span> <span class='ocrx_word' id='word_1_41' title='bbox 657 1712 818 1786; x_wconf 86' lang='lat' dir='ltr'><strong>undecim</strong></span> <span class='ocrx_word' id='word_1_42' title='bbox 839 1713 925 1785; x_wconf 87' lang='lat' dir='ltr'><strong>filios</strong></span> <span class='ocrx_word' id='word_1_43' title='bbox 948 1712 1061 1798; x_wconf 76' lang='lat' dir='ltr'><strong>regios</strong></span> <span class='ocrx_word' id='word_1_44' title='bbox 1083 1713 1301 1798; x_wconf 83' lang='lat' dir='ltr'><strong>perequitan-</strong></span> 
     </span>
     <span class='ocr_line' id='line_1_8' title="bbox 297 1830 842 1917; baseline -0.006 -13"><span class='ocrx_word' id='word_1_45' title='bbox 297 1839 351 1904; x_wconf 87' lang='lat' dir='ltr'><strong>tes</strong></span> <span class='ocrx_word' id='word_1_46' title='bbox 364 1833 507 1917; x_wconf 81' lang='lat' dir='ltr'><strong>sylvam,</strong></span> <span class='ocrx_word' id='word_1_47' title='bbox 522 1852 671 1916; x_wconf 85' lang='lat' dir='ltr'><strong>usquam</strong></span> <span class='ocrx_word' id='word_1_48' title='bbox 691 1830 842 1903; x_wconf 82' lang='lat' dir='ltr'><strong>vidisset</strong></span> 
     </span>
    </p>

    <p class='ocr_par' dir='ltr' id='par_1_4' title="bbox 298 1946 1302 2375">
     <span class='ocr_line' id='line_1_9' title="bbox 382 1946 1302 2033; baseline -0.001 -12"><span class='ocrx_word' id='word_1_49' title='bbox 382 1949 481 2022; x_wconf 87' lang='lat' dir='ltr'><strong>“Non</strong></span> <span class='ocrx_word' id='word_1_50' title='bbox 496 1948 598 2033; x_wconf 55' lang='lat' dir='ltr'><strong>vidi?</strong></span> <span class='ocrx_word' id='word_1_51' title='bbox 612 1949 723 2020; x_wconf 80' lang='lat' dir='ltr'>refert</span> <span class='ocrx_word' id='word_1_52' title='bbox 736 1949 869 2032; x_wconf 83' lang='lat' dir='ltr'><strong>mulier,</strong></span> <span class='ocrx_word' id='word_1_53' title='bbox 879 1946 961 2019; x_wconf 87' lang='lat' dir='ltr'><strong>“sed</strong></span> <span class='ocrx_word' id='word_1_54' title='bbox 972 1947 1046 2018; x_wconf 88' lang='lat' dir='ltr'><strong>beri</strong></span> <span class='ocrx_word' id='word_1_55' title='bbox 1055 1947 1214 2020; x_wconf 82' lang='lat' dir='ltr'><strong>undecim</strong></span> <span class='ocrx_word' id='word_1_56' title='bbox 1225 1948 1302 2020; x_wconf 89' lang='lat' dir='ltr'>Olo-</span> 
     </span>
     <span class='ocr_line' id='line_1_10' title="bbox 298 2063 1301 2150; baseline -0.003 -10"><span class='ocrx_word' id='word_1_57' title='bbox 298 2087 354 2140; x_wconf 84' lang='lat' dir='ltr'><strong>res</strong></span> <span class='ocrx_word' id='word_1_58' title='bbox 375 2089 456 2140; x_wconf 90' lang='lat' dir='ltr'><strong>cum</strong></span> <span class='ocrx_word' id='word_1_59' title='bbox 478 2066 591 2140; x_wconf 87' lang='lat' dir='ltr'><strong>aureis</strong></span> <span class='ocrx_word' id='word_1_60' title='bbox 615 2065 865 2138; x_wconf 73' lang='lat' dir='ltr'><strong>diadematibus</strong></span> <span class='ocrx_word' id='word_1_61' title='bbox 887 2064 924 2136; x_wconf 92' lang='lat' dir='ltr'><strong>in</strong></span> <span class='ocrx_word' id='word_1_62' title='bbox 948 2063 1117 2150; x_wconf 80' lang='lat' dir='ltr'><strong>capitibus</strong></span> <span class='ocrx_word' id='word_1_63' title='bbox 1140 2065 1301 2137; x_wconf 86' lang='lat' dir='ltr'><strong>deorsum</strong></span> 
     </span>
     <span class='ocr_line' id='line_1_11' title="bbox 298 2182 1301 2269; baseline -0.003 -12"><span class='ocrx_word' id='word_1_64' title='bbox 298 2205 446 2269; x_wconf 86' lang='lat' dir='ltr'><strong>amnem,</strong></span> <span class='ocrx_word' id='word_1_65' title='bbox 460 2205 566 2268; x_wconf 86' lang='lat' dir='ltr'><strong>prope</strong></span> <span class='ocrx_word' id='word_1_66' title='bbox 579 2183 624 2255; x_wconf 87' lang='lat' dir='ltr'><strong>ab</strong></span> <span class='ocrx_word' id='word_1_67' title='bbox 639 2183 702 2255; x_wconf 88' lang='lat' dir='ltr'><strong>huc</strong></span> <span class='ocrx_word' id='word_1_68' title='bbox 727 2183 799 2256; x_wconf 88' lang='lat' dir='ltr'><strong>loco</strong></span> <span class='ocrx_word' id='word_1_69' title='bbox 823 2182 984 2254; x_wconf 85' lang='lat' dir='ltr'><strong>deorsum</strong></span> <span class='ocrx_word' id='word_1_70' title='bbox 1007 2189 1140 2266; x_wconf 63' lang='lat' dir='ltr'><strong>nanta,</strong></span> <span class='ocrx_word' id='word_1_71' title='bbox 1161 2182 1301 2254; x_wconf 88' lang='lat' dir='ltr'><strong>memini</strong></span> 
     </span>
     <span class='ocr_line' id='line_1_12' title="bbox 299 2301 525 2375; baseline 0 -1"><span class='ocrx_word' id='word_1_72' title='bbox 299 2324 356 2375; x_wconf 89' lang='lat' dir='ltr'><strong>me</strong></span> <span class='ocrx_word' id='word_1_73' title='bbox 369 2301 525 2374; x_wconf 86' lang='lat' dir='ltr'><strong>vidissc.”</strong></span> 
     </span>
    </p>

    <p class='ocr_par' dir='ltr' id='par_1_5' title="bbox 301 2415 1306 3093">
     <span class='ocr_line' id='line_1_13' title="bbox 384 2415 1302 2502; baseline -0.001 -11"><span class='ocrx_word' id='word_1_74' title='bbox 384 2419 447 2491; x_wconf 87' lang='lat' dir='ltr'><strong>His</strong></span> <span class='ocrx_word' id='word_1_75' title='bbox 460 2418 558 2490; x_wconf 89' lang='lat' dir='ltr'><strong>dictis</strong></span> <span class='ocrx_word' id='word_1_76' title='bbox 568 2417 695 2490; x_wconf 85' lang='lat' dir='ltr'><strong>Elisam</strong></span> <span class='ocrx_word' id='word_1_77' title='bbox 704 2415 891 2488; x_wconf 86' lang='lat' dir='ltr'><strong>adversum</strong></span> <span class='ocrx_word' id='word_1_78' title='bbox 902 2416 1139 2502; x_wconf 71' lang='lat' dir='ltr'><strong>precipitium,</strong></span> <span class='ocrx_word' id='word_1_79' title='bbox 1150 2417 1194 2489; x_wconf 85' lang='lat' dir='ltr'><strong>ad</strong></span> <span class='ocrx_word' id='word_1_80' title='bbox 1204 2419 1302 2490; x_wconf 88' lang='lat' dir='ltr'><strong>cuius</strong></span> 
     </span>
     <span class='ocr_line' id='line_1_14' title="bbox 301 2533 1305 2624; baseline -0.002 -15"><span class='ocrx_word' id='word_1_81' title='bbox 301 2539 406 2624; x_wconf 84' lang='lat' dir='ltr'><strong>pedes</strong></span> <span class='ocrx_word' id='word_1_82' title='bbox 420 2536 552 2609; x_wconf 86' lang='lat' dir='ltr'><strong>rivulus</strong></span> <span class='ocrx_word' id='word_1_83' title='bbox 570 2533 887 2620; x_wconf 81' lang='lat' dir='ltr'><strong>praeterlabebattu,</strong></span> <span class='ocrx_word' id='word_1_84' title='bbox 909 2533 1061 2606; x_wconf 85' lang='lat' dir='ltr'><strong>deduxit.</strong></span> <span class='ocrx_word' id='word_1_85' title='bbox 1081 2535 1134 2606; x_wconf 82' lang='lat' dir='ltr'><strong>Ex</strong></span> <span class='ocrx_word' id='word_1_86' title='bbox 1155 2541 1305 2620; x_wconf 83' lang='lat' dir='ltr'><strong>utraque</strong></span> 
     </span>
     <span class='ocr_line' id='line_1_15' title="bbox 302 2650 1306 2741; baseline -0.003 -14"><span class='ocrx_word' id='word_1_87' title='bbox 302 2655 378 2741; x_wconf 88' lang='lat' dir='ltr'><strong>ripa</strong></span> <span class='ocrx_word' id='word_1_88' title='bbox 390 2654 530 2726; x_wconf 84' lang='lat' dir='ltr'><strong>arbores</strong></span> <span class='ocrx_word' id='word_1_89' title='bbox 542 2673 657 2726; x_wconf 87' lang='lat' dir='ltr'><strong>ramos</strong></span> <span class='ocrx_word' id='word_1_90' title='bbox 670 2673 751 2724; x_wconf 84' lang='lat' dir='ltr'><strong>suns</strong></span> <span class='ocrx_word' id='word_1_91' title='bbox 770 2650 951 2724; x_wconf 83' lang='lat' dir='ltr'><strong>frondosos</strong></span> <span class='ocrx_word' id='word_1_92' title='bbox 973 2651 1146 2736; x_wconf 83' lang='lat' dir='ltr'><strong>utn&#39;mque</strong></span> <span class='ocrx_word' id='word_1_93' title='bbox 1168 2659 1306 2737; x_wconf 87' lang='lat' dir='ltr'><strong>proten·</strong></span> 
     </span>
     <span class='ocr_line' id='line_1_16' title="bbox 303 2769 1306 2857; baseline -0.004 -11"><span class='ocrx_word' id='word_1_94' title='bbox 303 2773 448 2857; x_wconf 88' lang='lat' dir='ltr'><strong>debant;</strong></span> <span class='ocrx_word' id='word_1_95' title='bbox 469 2771 529 2844; x_wconf 91' lang='lat' dir='ltr'><strong>ubi</strong></span> <span class='ocrx_word' id='word_1_96' title='bbox 550 2777 667 2842; x_wconf 86' lang='lat' dir='ltr'><strong>autem</strong></span> <span class='ocrx_word' id='word_1_97' title='bbox 681 2769 717 2841; x_wconf 91' lang='lat' dir='ltr'><strong>bi</strong></span> <span class='ocrx_word' id='word_1_98' title='bbox 730 2770 822 2841; x_wconf 88' lang='lat' dir='ltr'><strong>inter</strong></span> <span class='ocrx_word' id='word_1_99' title='bbox 834 2790 872 2841; x_wconf 91' lang='lat' dir='ltr'><strong>sc</strong></span> <span class='ocrx_word' id='word_1_100' title='bbox 885 2790 955 2840; x_wconf 90' lang='lat' dir='ltr'><strong>non</strong></span> <span class='ocrx_word' id='word_1_101' title='bbox 968 2769 1197 2854; x_wconf 77' lang='lat' dir='ltr'><strong>attingebant,</strong></span> <span class='ocrx_word' id='word_1_102' title='bbox 1218 2770 1306 2842; x_wconf 82' lang='lat' dir='ltr'><strong>radi·</strong></span> 
     </span>
     <span class='ocr_line' id='line_1_17' title="bbox 302 2886 1306 2975; baseline -0.004 -11"><span class='ocrx_word' id='word_1_103' title='bbox 302 2913 359 2964; x_wconf 91' lang='lat' dir='ltr'><strong>ces</strong></span> <span class='ocrx_word' id='word_1_104' title='bbox 372 2913 393 2963; x_wconf 87' lang='lat' dir='ltr'><strong>e</strong></span> <span class='ocrx_word' id='word_1_105' title='bbox 406 2896 519 2962; x_wconf 85' lang='lat' dir='ltr'><strong>terrra</strong></span> <span class='ocrx_word' id='word_1_106' title='bbox 532 2894 787 2974; x_wconf 78' lang='lat' dir='ltr'><strong>prorepserunt,</strong></span> <span class='ocrx_word' id='word_1_107' title='bbox 800 2886 962 2972; x_wconf 83' lang='lat' dir='ltr'><strong>fibrisque</strong></span> <span class='ocrx_word' id='word_1_108' title='bbox 982 2887 1190 2972; x_wconf 84' lang='lat' dir='ltr'><strong>interpiexis,</strong></span> <span class='ocrx_word' id='word_1_109' title='bbox 1212 2887 1306 2975; x_wconf 87' lang='lat' dir='ltr'><strong>rivu-</strong></span> 
     </span>
     <span class='ocr_line' id='line_1_18' title="bbox 303 3009 609 3093; baseline -0.02 -11"><span class='ocrx_word' id='word_1_110' title='bbox 303 3009 376 3082; x_wconf 92' lang='lat' dir='ltr'><strong>lum</strong></span> <span class='ocrx_word' id='word_1_111' title='bbox 388 3012 609 3093; x_wconf 88' lang='lat' dir='ltr'><strong>operuerunt.</strong></span> 
     </span>
    </p>

    <p class='ocr_par' dir='ltr' id='par_1_6' title="bbox 303 3119 1307 3441">
     <span class='ocr_line' id='line_1_19' title="bbox 388 3119 1307 3205; baseline -0.003 -9"><span class='ocrx_word' id='word_1_112' title='bbox 388 3124 479 3196; x_wconf 84' lang='lat' dir='ltr'><strong>Elisa</strong></span> <span class='ocrx_word' id='word_1_113' title='bbox 492 3122 547 3194; x_wconf 90' lang='lat' dir='ltr'><strong>hic</strong></span> <span class='ocrx_word' id='word_1_114' title='bbox 560 3122 690 3194; x_wconf 72' lang='lat' dir='ltr'><strong>venue</strong></span> <span class='ocrx_word' id='word_1_115' title='bbox 703 3121 834 3192; x_wconf 82' lang='lat' dir='ltr'><strong>urbane</strong></span> <span class='ocrx_word' id='word_1_116' title='bbox 848 3119 1022 3204; x_wconf 82' lang='lat' dir='ltr'><strong>valedixit,</strong></span> <span class='ocrx_word' id='word_1_117' title='bbox 1035 3120 1230 3205; x_wconf 85' lang='lat' dir='ltr'><strong>itemmque</strong></span> <span class='ocrx_word' id='word_1_118' title='bbox 1255 3143 1307 3193; x_wconf 88' lang='lat' dir='ltr'><strong>sc·</strong></span> 
     </span>
     <span class='ocr_line' id='line_1_20' title="bbox 303 3236 1307 3324; baseline -0.006 -8"><span class='ocrx_word' id='word_1_119' title='bbox 303 3245 338 3316; x_wconf 88' lang='lat' dir='ltr'><strong>la</strong></span> <span class='ocrx_word' id='word_1_120' title='bbox 350 3241 541 3314; x_wconf 87' lang='lat' dir='ltr'><strong>secundum</strong></span> <span class='ocrx_word' id='word_1_121' title='bbox 554 3239 665 3324; x_wconf 83' lang='lat' dir='ltr'><strong>ripnm</strong></span> <span class='ocrx_word' id='word_1_122' title='bbox 679 3236 855 3310; x_wconf 86' lang='lat' dir='ltr'><strong>commode</strong></span> <span class='ocrx_word' id='word_1_123' title='bbox 876 3236 1127 3321; x_wconf 77' lang='lat' dir='ltr'><strong>deambulabat,</strong></span> <span class='ocrx_word' id='word_1_124' title='bbox 1141 3237 1248 3310; x_wconf 88' lang='lat' dir='ltr'><strong>donec</strong></span> <span class='ocrx_word' id='word_1_125' title='bbox 1262 3238 1307 3310; x_wconf 88' lang='lat' dir='ltr'><strong>ad</strong></span> 
     </span>
     <span class='ocr_line' id='line_1_21' title="bbox 305 3353 1083 3441; baseline -0.008 -9"><span class='ocrx_word' id='word_1_126' title='bbox 305 3360 431 3432; x_wconf 88' lang='lat' dir='ltr'><strong>ostium</strong></span> <span class='ocrx_word' id='word_1_127' title='bbox 445 3357 530 3441; x_wconf 89' lang='lat' dir='ltr'><strong>eius,</strong></span> <span class='ocrx_word' id='word_1_128' title='bbox 544 3355 605 3428; x_wconf 89' lang='lat' dir='ltr'><strong>ubi</strong></span> <span class='ocrx_word' id='word_1_129' title='bbox 618 3375 713 3428; x_wconf 83' lang='lat' dir='ltr'><strong>mare</strong></span> <span class='ocrx_word' id='word_1_130' title='bbox 726 3353 902 3438; x_wconf 82' lang='lat' dir='ltr'><strong>induebat,</strong></span> <span class='ocrx_word' id='word_1_131' title='bbox 915 3354 1083 3439; x_wconf 81' lang='lat' dir='ltr'><strong>pervenit</strong></span> 
     </span>
    </p>

    <p class='ocr_par' dir='ltr' id='par_1_7' title="bbox 390 3471 1309 3558">
     <span class='ocr_line' id='line_1_22' title="bbox 390 3471 1309 3558; baseline -0.005 -10"><span class='ocrx_word' id='word_1_132' title='bbox 390 3476 536 3548; x_wconf 85' lang='lat' dir='ltr'><strong>Vastum</strong></span> <span class='ocrx_word' id='word_1_133' title='bbox 550 3495 646 3544; x_wconf 85' lang='lat' dir='ltr'><strong>marc</strong></span> <span class='ocrx_word' id='word_1_134' title='bbox 658 3471 927 3557; x_wconf 83' lang='lat' dir='ltr'><strong>pulcherrimum</strong></span> <span class='ocrx_word' id='word_1_135' title='bbox 941 3478 1022 3543; x_wconf 82' lang='lat' dir='ltr'><strong>ante</strong></span> <span class='ocrx_word' id='word_1_136' title='bbox 1036 3472 1140 3556; x_wconf 78' lang='lat' dir='ltr'><strong>pedes</strong></span> <span class='ocrx_word' id='word_1_137' title='bbox 1164 3472 1309 3558; x_wconf 82' lang='lat' dir='ltr'><strong>virginis</strong></span> 
     </span>
    </p>
   </div>
   <div class='ocr_carea' id='block_1_3' title="bbox 307 3588 1314 4264">
    <p class='ocr_par' dir='ltr' id='par_1_8' title="bbox 307 3588 1314 4264">
     <span class='ocr_line' id='line_1_23' title="bbox 308 3588 1309 3679; baseline -0.007 -11"><span class='ocrx_word' id='word_1_138' title='bbox 308 3616 344 3668; x_wconf 88' lang='lat' dir='ltr'><strong>se</strong></span> <span class='ocrx_word' id='word_1_139' title='bbox 357 3589 603 3679; x_wconf 73' lang='lat' dir='ltr'><strong>propendebat,</strong></span> <span class='ocrx_word' id='word_1_140' title='bbox 617 3589 678 3661; x_wconf 89' lang='lat' dir='ltr'><strong>sed</strong></span> <span class='ocrx_word' id='word_1_141' title='bbox 698 3589 793 3661; x_wconf 92' lang='lat' dir='ltr'><strong>nulla</strong></span> <span class='ocrx_word' id='word_1_142' title='bbox 815 3588 924 3672; x_wconf 71' lang='lat' dir='ltr'><strong>naus,</strong></span> <span class='ocrx_word' id='word_1_143' title='bbox 946 3589 1041 3660; x_wconf 84' lang='lat' dir='ltr'><strong>nulla</strong></span> <span class='ocrx_word' id='word_1_144' title='bbox 1063 3589 1198 3674; x_wconf 79' lang='lat' dir='ltr'><strong>scapha.</strong></span> <span class='ocrx_word' id='word_1_145' title='bbox 1219 3588 1309 3661; x_wconf 88' lang='lat' dir='ltr'><strong>visui</strong></span> 
     </span>
     <span class='ocr_line' id='line_1_24' title="bbox 308 3704 1311 3792; baseline -0.007 -8"><span class='ocrx_word' id='word_1_146' title='bbox 308 3733 344 3784; x_wconf 85' lang='lat' dir='ltr'><strong>ae</strong></span> <span class='ocrx_word' id='word_1_147' title='bbox 358 3711 575 3790; x_wconf 85' lang='lat' dir='ltr'><strong>obtulerunt;</strong></span> <span class='ocrx_word' id='word_1_148' title='bbox 597 3727 747 3792; x_wconf 85' lang='lat' dir='ltr'><strong>quonam</strong></span> <span class='ocrx_word' id='word_1_149' title='bbox 761 3704 862 3777; x_wconf 87' lang='lat' dir='ltr'><strong>modo</strong></span> <span class='ocrx_word' id='word_1_150' title='bbox 875 3726 969 3777; x_wconf 89' lang='lat' dir='ltr'><strong>nunc</strong></span> <span class='ocrx_word' id='word_1_151' title='bbox 983 3705 1050 3776; x_wconf 88' lang='lat' dir='ltr'><strong>iter</strong></span> <span class='ocrx_word' id='word_1_152' title='bbox 1073 3727 1176 3776; x_wconf 91' lang='lat' dir='ltr'><strong>suum</strong></span> <span class='ocrx_word' id='word_1_153' title='bbox 1196 3727 1311 3790; x_wconf 83' lang='lat' dir='ltr'><strong>prusc-</strong></span> 
     </span>
     <span class='ocr_line' id='line_1_25' title="bbox 308 3820 1310 3914; baseline -0.006 -14"><span class='ocrx_word' id='word_1_154' title='bbox 308 3829 367 3914; x_wconf 83' lang='lat' dir='ltr'><strong>qui</strong></span> <span class='ocrx_word' id='word_1_155' title='bbox 380 3825 532 3911; x_wconf 84' lang='lat' dir='ltr'><strong>poterat?</strong></span> <span class='ocrx_word' id='word_1_156' title='bbox 553 3825 690 3895; x_wconf 81' lang='lat' dir='ltr'><strong>Interea</strong></span> <span class='ocrx_word' id='word_1_157' title='bbox 711 3820 954 3894; x_wconf 80' lang='lat' dir='ltr'><strong>animadvertit</strong></span> <span class='ocrx_word' id='word_1_158' title='bbox 967 3821 1003 3892; x_wconf 90' lang='lat' dir='ltr'><strong>in</strong></span> <span class='ocrx_word' id='word_1_159' title='bbox 1017 3821 1130 3894; x_wconf 87' lang='lat' dir='ltr'><strong>littore</strong></span> <span class='ocrx_word' id='word_1_160' title='bbox 1155 3822 1310 3894; x_wconf 87' lang='lat' dir='ltr'><strong>innume·</strong></span> 
     </span>
     <span class='ocr_line' id='line_1_26' title="bbox 307 3939 1312 4027; baseline -0.006 -9"><span class='ocrx_word' id='word_1_161' title='bbox 307 3945 431 4020; x_wconf 80' lang='lat' dir='ltr'><strong>nabiles</strong></span> <span class='ocrx_word' id='word_1_162' title='bbox 443 3941 583 4027; x_wconf 84' lang='lat' dir='ltr'><strong>lapillos,</strong></span> <span class='ocrx_word' id='word_1_163' title='bbox 597 3961 684 4025; x_wconf 84' lang='lat' dir='ltr'><strong>quos</strong></span> <span class='ocrx_word' id='word_1_164' title='bbox 697 3939 800 4012; x_wconf 75' lang='lat' dir='ltr'><strong>unde</strong></span> <span class='ocrx_word' id='word_1_165' title='bbox 813 3939 850 4010; x_wconf 91' lang='lat' dir='ltr'><strong>in</strong></span> <span class='ocrx_word' id='word_1_166' title='bbox 863 3939 1012 4010; x_wconf 82' lang='lat' dir='ltr'><strong>formam</strong></span> <span class='ocrx_word' id='word_1_167' title='bbox 1023 3939 1238 4023; x_wconf 81' lang='lat' dir='ltr'><strong>globulorum</strong></span> <span class='ocrx_word' id='word_1_168' title='bbox 1252 3940 1312 4012; x_wconf 89' lang='lat' dir='ltr'><strong>ob·</strong></span> 
     </span>
     <span class='ocr_line' id='line_1_27' title="bbox 309 4054 1311 4144; baseline -0.005 -9"><span class='ocrx_word' id='word_1_169' title='bbox 309 4063 492 4136; x_wconf 86' lang='lat' dir='ltr'><strong>triverunt.</strong></span> <span class='ocrx_word' id='word_1_170' title='bbox 514 4058 622 4144; x_wconf 76' lang='lat' dir='ltr'><strong>vitra,</strong></span> <span class='ocrx_word' id='word_1_171' title='bbox 636 4057 742 4142; x_wconf 79' lang='lat' dir='ltr'><strong>ferra,</strong></span> <span class='ocrx_word' id='word_1_172' title='bbox 769 4055 882 4140; x_wconf 84' lang='lat' dir='ltr'><strong>lapilli,</strong></span> <span class='ocrx_word' id='word_1_173' title='bbox 905 4063 941 4127; x_wconf 92' lang='lat' dir='ltr'><strong>et</strong></span> <span class='ocrx_word' id='word_1_174' title='bbox 962 4054 1129 4140; x_wconf 83' lang='lat' dir='ltr'><strong>quidquid</strong></span> <span class='ocrx_word' id='word_1_175' title='bbox 1151 4056 1243 4129; x_wconf 89' lang='lat' dir='ltr'><strong>aliud</strong></span> <span class='ocrx_word' id='word_1_176' title='bbox 1263 4057 1311 4130; x_wconf 93' lang='lat' dir='ltr'><strong>ibi</strong></span> 
     </span>
     <span class='ocr_line' id='line_1_28' title="bbox 309 4173 1314 4264; baseline -0.006 -10"><span class='ocrx_word' id='word_1_177' title='bbox 309 4175 945 4264; x_wconf 72' lang='lat' dir='ltr'><strong>ucebatspmsumtncertasformas</strong></span> <span class='ocrx_word' id='word_1_178' title='bbox 969 4173 1107 4246; x_wconf 86' lang='lat' dir='ltr'><strong>redacta</strong></span> <span class='ocrx_word' id='word_1_179' title='bbox 1132 4182 1241 4259; x_wconf 70' lang='lat' dir='ltr'><strong>munt,</strong></span> <span class='ocrx_word' id='word_1_180' title='bbox 1262 4184 1314 4248; x_wconf 84' lang='lat' dir='ltr'><strong>at·</strong></span> 
     </span>
    </p>
   </div>
   <div class='ocr_carea' id='block_1_4' title="bbox 0 0 1805 5156">
    <p class='ocr_par' dir='ltr' id='par_1_9' title="bbox 0 0 1805 5156">
     <span class='ocr_line' id='line_1_29' title="bbox 0 0 1805 5156; baseline 0 0"><span class='ocrx_word' id='word_1_181' title='bbox 0 0 1805 5156; x_wconf 95' lang='lat' dir='ltr'><strong> </strong></span> 
     </span>
    </p>
   </div>
  </div>
 </body>
</html>
