3522 5156
662 993 833 1049 Lucsnnn
856 993 1032 1048 uanum
1325 979 1346 1046 9

431 1160 592 1244 “Esu1i0;
613 1162 705 1233 ferto
721 1163 805 1233 mihi
819 1162 966 1234 cibum.”

429 1280 559 1352 Genius
572 1302 615 1351 ex
629 1280 736 1351 oculis
747 1281 930 1352 confestim
946 1279 1098 1362 evanuit,
1110 1279 1170 1350 sed
1183 1280 1259 1350 fere
1272 1278 1349 1348 nul·

346 1399 379 1468 la
392 1401 490 1468 mora
504 1397 629 1468 redivit
642 1419 722 1468 cum
746 1420 874 1482 magna
898 1399 993 1468 lance
1022 1404 1197 1481 argentea,
1223 1393 1347 1467 duode-

345 1516 466 1600 nisque
480 1516 653 1600 argenteis
664 1515 800 1599 patinis,
814 1516 907 1586 omni
923 1536 1051 1598 genere
1066 1515 1289 1586 delicatorum
1305 1512 1349 1582 ci·

346 1633 468 1704 borum
482 1633 600 1716 plenis,
613 1633 697 1703 item
712 1633 818 1717 pastis
844 1655 985 1717 panum,
1011 1631 1143 1716 lagenis
1167 1630 1248 1713 vini,
1276 1651 1349 1714 scy-

345 1749 490 1835 phisque
512 1750 694 1834 argenteis.
706 1751 840 1822 Cuncta
854 1749 928 1822 haec
944 1753 981 1821 in
993 1771 1148 1821 mensam
1161 1747 1350 1828 collocavit,

345 1889 414 1952 quo
428 1869 523 1939 facto
538 1889 558 1937 e
572 1875 756 1952 conspectu
777 1868 929 1939 evanuit.

427 1985 617 2057 Aladdinus
640 1993 831 2069 materque,
853 1986 1127 2071 quamprimum
1149 1985 1223 2055 haec
1244 1982 1288 2053 ad
1309 2003 1346 2052 se

343 2103 525 2186 rediverat,
540 2103 685 2188 dapibus
698 2104 752 2174 his
764 2104 895 2174 famem
909 2126 1007 2175 suam
1031 2104 1165 2175 affatim
1190 2103 1347 2186 expleve-

344 2227 437 2303 runt,
452 2231 488 2291 et
503 2219 586 2290 satis
600 2221 703 2290 etiam
717 2220 788 2291 fuit
801 2221 922 2305 reliqui
936 2221 972 2291 in
988 2221 1077 2292 diem
1088 2227 1272 2305 posterum.
1282 2219 1346 2288 De-

342 2337 422 2408 inde
438 2337 628 2408 Aladdinus
642 2359 725 2408 vasa
746 2337 873 2409 cibaria
893 2345 1059 2422 argentea
1080 2337 1245 2419 vendidit,
1268 2357 1343 2419 prs

345 2463 454 2527 ventu
468 2463 586 2527 autem
600 2456 725 2526 iterum
740 2455 855 2527 cibum
870 2457 1095 2540 praestinavit

427 2573 529 2644 Hunc
549 2573 585 2643 in
606 2573 747 2644 modum
767 2575 884 2658 plures
904 2595 1013 2644 annos
1033 2573 1246 2654 victitarunt,
1267 2591 1346 2641 evo-

342 2691 451 2762 cando
465 2691 608 2775 genium
624 2712 734 2774 quum
750 2697 906 2774 egestate
920 2691 1176 2775 premebantur,
1200 2688 1346 2773 dapibus

343 2830 405 2893 per
418 2829 499 2878 eum
514 2809 626 2878 allatis
641 2809 781 2892 epulati,
805 2808 965 2890 vasisque
978 2809 1014 2878 in
1029 2809 1154 2892 quibus
1168 2829 1219 2878 eae
1233 2807 1346 2877 allatae

341 2934 451 3008 erant,
468 2925 688 3009 postmodum
702 2924 888 2996 identidem
903 2926 1061 2996 venditis.
1083 2925 1181 3008 Dein,
1196 2925 1345 3009 quodam

343 3043 407 3126 die,
423 3065 528 3127 qaum
543 3065 625 3114 casu
647 3043 838 3114 Aladdinus
852 3043 888 3113 in
902 3044 1024 3115 urbem
1049 3043 1176 3126 ivisset,
1200 3041 1346 3125 contigit

342 3169 383 3232 ut
411 3161 516 3230 filiam
546 3159 678 3232 Sultani
701 3161 843 3244 regiam,
866 3160 1174 3243 Badrulbuduram‚
1195 3159 1343 3244 quodam

342 3285 471 3363 puncto
485 3278 660 3361 temporis,
675 3299 785 3361 quum
799 3278 874 3362 ipsa
890 3280 1006 3348 velum
1020 3301 1040 3348 e
1054 3279 1156 3348 vultu
1170 3277 1345 3348 sublevas·

341 3403 403 3480 set,
418 3396 634 3478 conspicatus
647 3402 748 3479 esset,
762 3417 909 3479 eamque
922 3398 1092 3480 extemplo
1107 3395 1345 3466 adamavisset.

426 3515 574 3584 Domum
590 3513 699 3583 redux
714 3535 750 3582 se
766 3512 880 3583 subito
894 3521 966 3582 tam
978 3513 1134 3595 quietum
1149 3535 1189 3582 ac
1204 3513 1345 3584 medita·

341 3629 498 3702 bundum
511 3631 672 3715 praebuit,
688 3638 728 3700 ut
741 3637 855 3701 mater
868 3630 913 3701 ab
928 3652 979 3713 eo,
1005 3631 1087 3714 quid
1102 3631 1151 3701 rei
1166 3638 1266 3713 esset,
1283 3631 1345 3702 sci·

341 3750 535 3820 scitaretur.
561 3748 751 3818 Aladdinus
772 3747 948 3831 respondit
961 3749 1009 3818 ei:

425 3863 558 3936 “Mater
584 3887 671 3946 mea,
699 3865 976 3936 venustissimam
997 3864 1102 3934 filiam
1127 3865 1258 3948 regiam
1281 3867 1344 3938 Ba·

341 3981 591 4054 drulbuduram
606 3980 739 4053 Sultani
747 3982 832 4052 adeo
840 3982 978 4065 deperii,
989 3989 1031 4053 ut
1039 3981 1112 4052 sine
1126 4004 1167 4053 ea
1181 4005 1226 4053 ne
1247 3983 1341 4054 vive·

340 4121 378 4170 re
393 4099 532 4184 quidem
547 4120 700 4182 possem;
722 4099 831 4170 adibis
844 4099 961 4182 itaque
975 4097 1168 4182 Sultanum,
1183 4099 1343 4186 illamque

342 4216 426 4286 mihi
442 4215 477 4286 in
491 4237 634 4286 uxorem
649 4215 819 4300 expetes”
