3554 5156
752 970 854 1035 roua
874 969 972 1025 vnn
1318 956 1361 1030 87

360 1139 460 1216 pacto
485 1142 610 1218 posset.
632 1136 754 1220 ltaque
779 1157 888 1220 quum
910 1141 1047 1207 mumto
1069 1135 1207 1207 mosibo
1231 1156 1362 1220 equum

360 1255 453 1322 retro
468 1257 630 1336 verteret,
643 1259 685 1325 ut
697 1253 764 1324 iter
777 1275 846 1336 quo
859 1259 1006 1325 venerat
1025 1252 1253 1336 remetiretur,
1268 1274 1363 1336 repe·

360 1365 406 1437 rit
429 1367 522 1462 viam
547 1391 569 1439 a
592 1377 693 1454 tergo
709 1391 845 1455 quoque
861 1371 1032 1442 occlusam
1046 1391 1130 1453 esne,
1144 1391 1250 1452 oeque
1264 1368 1363 1441 undi-

360 1505 428 1568 que
441 1493 589 1570 septum.
611 1487 768 1572 Denique
789 1488 832 1559 de
857 1509 947 1571 equo
962 1487 1170 1559 descendens
1183 1508 1245 1572 per
1258 1485 1364 1571 pedes

359 1601 453 1673 viam
467 1605 634 1688 tentabat,
649 1612 687 1675 at
701 1604 766 1675 hoc
780 1604 988 1689 perficiendo
1001 1626 1064 1690 par
1078 1625 1147 1676 non
1161 1612 1246 1688 erat,
1261 1610 1298 1674 et
1312 1603 1361 1674 ric

359 1740 396 1789 se
418 1720 533 1804 magia
555 1721 692 1792 omnino
715 1729 752 1792 et
777 1722 986 1794 ineluctabili
1005 1721 1107 1792 modo
1131 1720 1287 1792 vinetum
1309 1741 1362 1790 re-

358 1835 457 1920 perit.

441 1954 577 2025 Interea
590 1963 698 2040 pater,
714 1976 784 2039 rex,
800 1955 835 2026 in
852 1955 943 2027 diem
965 1954 1149 2027 victitabat
1170 1976 1231 2039 spe
1253 1953 1363 2039 quoti·

357 2071 459 2142 diana
482 2072 594 2143 fultus
616 2071 676 2142 lilii
696 2073 749 2144 sui
769 2073 952 2156 reversuri,
975 2094 1085 2156 quum
1110 2072 1249 2144 demum
1274 2073 1361 2142 alter

356 2189 505 2260 filiussic
521 2211 601 2260 eum
614 2189 864 2274 alloqueretur:
886 2189 1022 2273 “Pater,
1038 2191 1111 2262 sine
1132 2197 1174 2260 ut
1197 2210 1262 2273 ego
1282 2210 1360 2260 eam

356 2329 482 2390 aquam
506 2315 741 2392 comparatum
760 2307 957 2392 proficiscar
965 2308 996 2389 ;”
1017 2307 1240 2379 ratiocinatus
1268 2306 1361 2377 enim

356 2431 440 2507 erat,
456 2422 599 2494 “Frater
611 2445 710 2494 meus
723 2431 816 2495 certe
830 2423 971 2508 interiit,
985 2425 1102 2508 itaque
1117 2443 1265 2507 regnum
1274 2421 1361 2493 mihi

355 2539 524 2622 obveniet,
540 2541 661 2612 sicum
676 2541 766 2612 bona
778 2543 923 2612 fortrma
936 2541 1003 2613 iter
1017 2541 1245 2625 persolvero.”

439 2675 513 2746 Rex
526 2676 676 2759 primum
692 2676 878 2746 admodum
895 2681 971 2746 erat
985 2675 1125 2758 invitus,
1138 2695 1201 2744 noc
1212 2675 1359 2745 alterum

355 2793 462 2864 filium
475 2793 526 2863 ire
541 2793 639 2877 sivit;
662 2793 810 2876 denique
831 2799 951 2864 tamen
973 2792 1175 2864 facultatem
1197 2791 1229 2862 ei
1254 2790 1359 2862 dedit.

355 2911 419 2982 Hic
432 2911 549 2994 itaque
563 2910 629 2981 iter
644 2909 831 2994 ingressus,
848 2910 969 2981 eadem
980 2909 1038 2980 via
1053 2930 1122 2992 qua
1146 2910 1257 2980 frater
1278 2915 1360 2980 ante

336 3111 339 3118 Ι
353 3027 556 3110 vehebatur,
570 3027 757 3111 profectus,
772 3027 922 3098 eundem
936 3027 1104 3111 pumilum
1118 3027 1289 3110 convenit,
1298 3026 1358 3110 qui

353 3166 435 3216 eurn
448 3144 568 3216 eodem
582 3144 654 3215 loeo
668 3143 844 3215 detinebat
859 3143 913 3214 bis
926 3142 1051 3214 verbis:
1071 3142 1263 3228 “Princeps,
1274 3161 1357 3227 quo-

352 3283 434 3334 nam
447 3267 626 3345 tantopere
640 3261 785 3332 festinas
793 3261 831 3330 ?’'

436 3378 536 3462 “Fac
560 3378 700 3449 ardelio²
723 3378 875 3461 moleste,
903 3377 1080 3462 proprium
1102 3378 1282 3462 negotium
1296 3399 1356 3449 cu·

351 3497 446 3569 res!”
461 3496 644 3580 respondet
656 3496 688 3567 ei
703 3495 838 3566 iuvenis
859 3495 1024 3579 Princeps
1043 3496 1297 3578 contumeliose,
1318 3501 1356 3565 et

351 3614 574 3698 obequitavit
603 3613 651 3683 At
677 3611 818 3697 pumilio
848 3612 969 3682 eodem
996 3610 1251 3684 incantamento
1272 3633 1354 3684 eum

350 3731 516 3814 devinxit,
530 3737 567 3802 et
589 3750 698 3813 quum
719 3728 775 3800 hic
798 3729 843 3800 ad
867 3729 987 3800 eadem
1012 3736 1162 3814 angusta
1182 3728 1352 3800 montium

351 3849 403 3922 uti
416 3851 527 3920 irater
540 3853 622 3918 ante
636 3846 859 3931 pervenisset,
874 3852 1039 3917 neutrum
1063 3867 1185 3917 versus
1205 3846 1353 3918 evadere

346 4187 351 4198 Ι
449 4119 474 4172 2.
491 4113 626 4178 Ardalio,
647 4113 718 4179 -aa'a,
738 4113 843 4181 estqui
857 4130 887 4168 oe
899 4114 981 4168 reboo
992 4113 1100 4176 alienia,
1111 4127 1174 4181 quo
1190 4113 1225 4168 ud
1236 4129 1267 4169 ae
1278 4113 1352 4169 nibil

349 4201 459 4262 attinet,
477 4199 590 4266 ingerlt.
