3522 5156
541 1517 860 1589 PVLCHRITVDO
882 1517 1134 1590 CONSOPITA

427 2007 672 2162 FVERVNT
699 2085 871 2168 quondam
886 2107 947 2156 rex
960 2092 997 2155 et
1011 2086 1140 2170 regina,
1155 2086 1216 2169 qui
1231 2109 1340 2172 quum

344 2200 528 2272 liberorum
536 2202 610 2273 orbi
617 2209 740 2286 essent,
749 2223 886 2272 exeare
894 2203 1025 2287 ingenti
1034 2203 1344 2276 doloreafficieban·

342 2325 409 2389 tur.
432 2319 587 2404 Denique
600 2319 761 2390 natatilis
774 2319 877 2389 filiola
900 2327 962 2403 est,
977 2320 1021 2390 ad
1036 2342 1140 2404 quam
1166 2320 1341 2403 baptizan-

342 2435 421 2507 dam
437 2437 524 2508 mira
543 2458 668 2521 pompa
693 2437 787 2520 rogia
810 2436 1051 2522 apparabatur.
1074 2439 1251 2524 Quotquot
1275 2438 1342 2509 diae

341 2553 377 2624 in
392 2576 499 2638 regno
514 2555 653 2638 reperiri
680 2561 894 2639 poterant-
910 2556 1056 2627 fuerunt
1080 2563 1197 2627 autem
1222 2578 1342 2627 earum

341 2678 472 2756 septem
487 2708 529 2718 -
542 2673 578 2742 in
593 2672 757 2743 matrinas
778 2672 896 2756 Regiae
919 2673 1046 2744 Filiolae
1070 2674 1342 2756 accersebantur,

339 2788 389 2860 ita
402 2797 442 2860 ut
457 2790 484 2860 si
500 2811 647 2873 quaeque
662 2789 717 2860 dia
732 2792 937 2862 munuscula
961 2790 1185 2876 baptismalia,
1200 2798 1241 2861 ut
1266 2791 1341 2862 eius

339 2906 404 2977 aevi
418 2908 630 2978 consuetudo
644 2930 761 2979 secum
775 2908 922 2991 ferebat,
937 2908 969 2978 ei
983 2907 1191 2990 contulisset,
1209 2909 1341 2980 cunctis

339 3023 459 3107 gratiis
473 3024 678 3108 dotibusque
692 3025 797 3095 animi
812 3031 934 3095 ornata
949 3032 1048 3095 esset.

424 3141 634 3224 Baptismate
648 3149 796 3224 peracto,
812 3163 930 3212 omnes
945 3141 1004 3226 qui
1019 3142 1209 3212 intererant
1233 3141 1269 3212 in
1290 3163 1341 3213 re-

338 3257 431 3341 giam
445 3265 692 3342 convenerunt,
706 3258 766 3329 ubi
781 3257 816 3328 in
831 3257 994 3328 honorem
1005 3258 1139 3329 diarum
1149 3257 1340 3342 magnificae

338 3375 450 3458 epulae
463 3383 562 3446 erant
583 3381 767 3459 apparatae.
783 3375 823 3445 In
836 3395 1044 3459 unoquoque
1070 3375 1229 3446 accubitu
1255 3375 1342 3458 pati·

338 3496 396 3562 na¹
411 3499 485 3562 erat
500 3491 611 3576 posita
624 3513 668 3562 ex
682 3513 767 3562 auro
791 3492 907 3575 solida,
933 3493 1015 3564 item
1041 3491 1205 3575 cochlear,
1230 3493 1342 3563 culter

338 3629 378 3679 ac
403 3608 586 3692 fuscinula,
600 3630 643 3680 ex
656 3629 742 3680 auro
755 3609 946 3693 purissimo,
972 3608 1214 3680 adamantibus
1235 3615 1340 3692 atoue

418 3843 441 3896 1.
455 3841 574 3905 Patina,
587 3857 627 3904 aa,
640 3848 682 3897 est
693 3859 743 3896 vas
755 3844 876 3896 mensale
887 3849 1045 3906 testaceum,
1060 3842 1213 3910 figulinum,
1225 3842 1343 3910 myrrhi·
1439 3845 1441 3852 ’

339 3941 413 3989 num,
438 3933 607 3994 argenteum,
628 3933 684 3990 aut,
694 3932 727 3980 ut
739 3926 784 3980 hic
797 3926 1048 3993 fingitur,au1eum‚
1060 3926 1222 3993 sphericum
1236 3942 1273 3980 ex
1285 3941 1339 3993 quo

339 4010 414 4064 cibos
427 4011 556 4078 capimus
568 4009 630 4074 Ius,
644 4009 807 4074 iuscrclum,
822 4011 881 4064 sive
898 4008 1089 4064 sorbitionem
1114 4025 1148 4062 ex
1170 4009 1340 4077 profundiori

338 4094 433 4162 patina
444 4091 592 4148 cochleari
604 4093 752 4156 homimum
765 4107 879 4158 camus,
891 4097 892 4102 ’
902 4100 951 4148 aut
961 4095 1016 4148 alia
1029 4093 1117 4148 solida
1122 4091 1282 4160 florinum
1292 4094 1339 4149 de-

338 4178 467 4240 tinemus,
480 4183 562 4246 atque
573 4175 671 4232 maltro
682 4177 826 4243 carpimus,
844 4177 1004 4232 scindimus.
