3554 5156
458 959 501 1031 94
847 970 946 1036 noun
967 969 1065 1025 vrrs

540 1140 669 1226 Regius
681 1137 817 1210 iuvenis
830 1138 874 1209 ad
889 1137 963 1208 haee
979 1137 1167 1220 obstupuit,
1178 1136 1238 1206 sed
1253 1159 1343 1220 mox,
1357 1134 1456 1207 “Sine

458 1266 499 1331 ut
523 1257 671 1341 vivam,”
696 1256 745 1326 ait
770 1255 943 1338 saltuario,
972 1253 1077 1325 “velis
1092 1275 1226 1324 mecum
1242 1260 1354 1324 vestes
1366 1273 1457 1324 com·

457 1383 611 1458 mutare;
632 1380 675 1445 tu
695 1394 811 1444 sumes
836 1371 989 1442 tunicam
1017 1392 1129 1442 meam
1153 1369 1294 1454 regiam,
1318 1377 1361 1441 ut
1380 1391 1456 1440 eam

456 1493 546 1578 patri
571 1491 732 1564 exhibere
757 1490 875 1574 possis,
900 1488 983 1560 mihi
1007 1496 1126 1559 autem
1146 1495 1209 1558 tua
1222 1493 1457 1558 veteramenta

455 1610 601 1682 trades.”

540 1725 590 1798 “E
604 1725 746 1797 summis
761 1724 847 1795 meis
861 1721 1088 1808 precordiis?
1109 1719 1284 1803 respondit
1300 1720 1456 1792 saltuari-

454 1868 512 1929 us:
535 1843 649 1914 “certe
672 1841 765 1914 enim
785 1840 894 1910 vitam
919 1844 1017 1908 tuam
1042 1837 1105 1908 tibi
1128 1857 1283 1908 servasse
1306 1839 1454 1910 maximo

454 1963 537 2035 mihi
552 1968 604 2032 est
616 1958 761 2044 gaudio;
782 1956 905 2040 utique
921 1962 956 2025 te
969 1953 1162 2024 intertioere
1175 1953 1268 2024 nullo
1282 1962 1382 2037 pacto
1396 1977 1455 2026 vo·

453 2079 597 2152 lebam.'’

537 2195 600 2267 His
614 2191 713 2264 dictis
726 2191 892 2261 amictum
905 2188 991 2273 regii
1005 2187 1138 2259 iuvenis
1161 2187 1318 2272 sumpsit,
1339 2211 1455 2262 suum·

452 2337 521 2401 que
536 2313 660 2385 tritum
673 2309 705 2381 ei
719 2308 835 2391 tradit,
852 2328 921 2391 quo
935 2307 1040 2389 facto,
1054 2327 1116 2390 per
1136 2308 1269 2390 sylvam
1292 2306 1452 2380 discessit.

536 2432 616 2502 Non
631 2428 716 2498 adeo
730 2425 840 2496 multo
854 2431 933 2508 post
946 2429 1018 2494 tres
1030 2423 1184 2507 insignes
1197 2424 1384 2507 legationes
1397 2415 1454 2497 re-

452 2555 580 2621 nerunt
593 2547 629 2617 in
644 2544 775 2616 curiam
789 2541 879 2612 senis
893 2539 984 2624 regis
998 2562 1077 2611 cum
1093 2539 1241 2624 egregiis
1254 2541 1351 2611 donis
1363 2543 1451 2626 auri,

451 2665 672 2751 lapidumque
686 2659 915 2745 pretiosorum
929 2678 992 2742 pro
1006 2656 1075 2727 filio
1090 2677 1153 2726 suo
1168 2663 1254 2727 natu
1268 2657 1452 2743 minimo,a

449 2783 561 2854 tribus
576 2777 714 2865 regibus
728 2778 764 2847 in
778 2773 1013 2848 testimonium
1034 2773 1126 2856 grati
1150 2774 1255 2844 animi
1277 2775 1388 2847 missis
1408 2778 1452 2849 ob

449 2900 612 2985 praeclara
625 2897 699 2967 eius
713 2895 749 2965 in
765 2915 800 2964 se
815 2891 979 2963 beneficia
993 2891 1124 2974 collata,
1141 2911 1250 2975 quum
1270 2892 1311 2962 iis
1334 2915 1450 2965 ensem

447 3038 552 3088 suum
566 3022 670 3098 atque
684 3033 808 3098 panem
821 3007 1079 3089 commodasset,
1100 3028 1248 3090 quorum
1262 3029 1326 3091 ope
1341 3017 1377 3080 et
1391 3010 1450 3082 ho-

446 3142 517 3206 stes
530 3130 743 3216 profligasset
758 3147 848 3208 suos,
862 3132 899 3196 et
912 3125 1005 3196 cives
1027 3123 1186 3208 pavisset
1217 3123 1281 3195 Hic
1302 3135 1450 3200 eventus

447 3273 506 3323 cor
519 3247 612 3333 regis
625 3245 716 3318 senis
729 3243 830 3314 valde
842 3241 1038 3324 oommovit‚
1053 3248 1089 3311 et
1102 3239 1181 3311 inde
1196 3241 1360 3324 suspicari
1384 3265 1450 3315 coe·

447 3367 498 3453 pit
525 3365 634 3436 filium
659 3383 761 3434 suum
786 3359 966 3430 minimum
991 3364 1108 3427 tamen
1130 3357 1301 3428 insontem
1329 3359 1448 3432 fuisse.

445 3484 562 3569 Quum
575 3479 752 3552 consilium
766 3477 901 3560 regium
913 3474 1040 3546 iterum
1054 3474 1279 3557 convenisset,
1295 3495 1356 3546 rex
1370 3499 1450 3548 con·

442 3600 584 3674 siliarios
597 3599 645 3669 sic
659 3595 788 3667 affatus
803 3601 873 3665 est:
897 3591 958 3675 “0,
979 3591 1114 3662 utinam
1134 3591 1226 3662 filius
1238 3612 1337 3663 meus
1351 3594 1449 3666 mini-

441 3739 520 3789 mus
534 3736 644 3798 usque
658 3713 694 3783 in
708 3711 797 3781 vivis
812 3708 920 3781 esset!
937 3709 1050 3790 Quam
1064 3727 1120 3777 me
1134 3706 1281 3790 poenitet
1294 3730 1375 3779 eum
1389 3733 1448 3783 ne·

440 3835 472 3908 ci
487 3830 666 3906 tradidisse
676 3829 705 3899 !''

526 3947 623 4032 “ipse
638 3966 748 4029 usque
761 3943 880 4025 vivit,”
894 3947 1013 4013 monet
1022 3939 1215 4023 saltuarius,
1230 3938 1371 4025 “estque
1385 3945 1447 4015 mi.

442 4067 478 4138 hi
491 4086 618 4148 magno
633 4061 751 4134 solatio
765 4060 856 4144 quod
881 4059 956 4130 eius
974 4057 1135 4128 misertus
1157 4077 1244 4140 sum,
1267 4057 1444 4144 vitamque

440 4185 515 4255 eius
530 4179 676 4264 servavi,
691 4177 854 4262 quoniam
868 4175 1023 4246 animum
1038 4173 1262 4256 inducerent
1276 4195 1357 4245 eum
1367 4178 1442 4248 neci
