3522 5156
757 959 947 1016 crmscum
1308 946 1350 1014 41

351 1149 456 1212 quam
471 1149 604 1199 sorores
619 1129 772 1214 proximo
787 1150 929 1212 vespere
950 1129 993 1200 ad
1016 1127 1162 1199 ballistia
1186 1129 1354 1213 profectoe

352 1253 444 1329 sunt,
458 1246 788 1332 Cinisculaquoque,
810 1247 914 1316 etiam
937 1248 1047 1318 multo
1073 1246 1225 1317 ornatior
1249 1265 1353 1330 quam

350 1371 461 1446 antea,
477 1387 535 1435 eas
548 1387 629 1436 mox
644 1372 763 1436 secuta
777 1371 839 1436 est.

434 1481 563 1564 Regius
578 1483 682 1553 Filius
697 1505 773 1553 eam
788 1503 1008 1566 magnacum
1019 1484 1198 1566 voluptate
1207 1479 1351 1565 excepit,

349 1619 413 1668 nec
427 1597 472 1668 ab
492 1620 534 1669 ea
557 1620 619 1683 per
643 1605 756 1670 totum
781 1606 920 1682 tempus
945 1598 1093 1683 separari
1118 1599 1209 1681 sivit,
1234 1596 1352 1668 multis

348 1715 463 1786 verbis
476 1715 596 1800 lepidis
610 1716 848 1802 blanditiisque
864 1739 940 1787 eam
962 1717 1242 1801 prosequebatur,
1264 1714 1352 1786 Cini-

349 1835 443 1904 scula
457 1841 575 1905 autem
585 1834 746 1906 societate
761 1835 859 1920 Regii
870 1834 944 1906 Filii
952 1834 1038 1906 adeo
1049 1833 1293 1916 delectabatur,
1308 1839 1350 1903 ut

348 1951 468 2022 moniti
483 1951 641 2022 matrinae
656 1973 738 2035 suae,
752 1974 797 2022 ne
812 1955 904 2024 ultra
919 1952 1067 2024 mediam
1081 1959 1217 2022 noctem
1232 1971 1350 2034 super-

347 2068 492 2152 stitaret,
508 2069 607 2152 plane
622 2090 754 2140 memor
767 2091 836 2140 non
862 2077 961 2141 esset.
985 2068 1210 2152 Horologium
1230 2067 1347 2152 itaque

345 2187 414 2258 iam
429 2188 550 2258 horam
563 2188 798 2259 duodecimam
811 2187 947 2272 pulsare
960 2185 1073 2270 coepit,
1088 2193 1274 2270 antequam
1295 2185 1346 2255 Ci-

347 2304 477 2376 niscula
491 2304 706 2376 undecimam
716 2325 790 2375 esse
800 2303 1026 2388 cognovisset
1035 2303 1156 2387 ltaque
1167 2299 1347 2371 confestim

347 2421 382 2492 in
397 2423 501 2506 pedes
515 2423 668 2504 consiliit,
684 2430 720 2492 et
735 2443 778 2494 ex
792 2422 871 2493 aula
885 2421 1058 2492 celerrime
1082 2440 1187 2504 quarn
1211 2425 1347 2503 poterat

346 2540 482 2624 effugit,
496 2540 606 2611 damae
620 2541 771 2611 currenti
785 2539 879 2610 haud
893 2537 1071 2610 dissimilis.
1092 2537 1221 2621 Regius
1242 2535 1348 2606 Filius

345 2655 547 2741 insequitur,
583 2664 620 2728 at
654 2678 843 2742 perperam,
864 2677 940 2728 eam
969 2655 1129 2738 consequi
1154 2675 1224 2725 non
1253 2660 1347 2739 pote-

348 2782 410 2844 rat.
433 2775 479 2844 At
493 2774 663 2846 Ciniscula
677 2775 768 2846 inter
781 2773 988 2844 currendum
1009 2772 1152 2843 alteram
1177 2772 1346 2844 solearum

346 2891 536 2963 vitrearum
566 2891 698 2975 abiecit,
729 2913 835 2976 quam
871 2891 1049 2961 inventam
1075 2890 1204 2972 Regius
1240 2890 1346 2962 Filius

346 3008 494 3080 sustulit.

428 3124 583 3210 Denique
598 3125 768 3198 Ciniscula
781 3126 921 3197 domum
936 3127 1058 3198 anhela
1083 3125 1250 3210 pervenit,
1271 3124 1346 3195 abs·

344 3262 412 3326 que
427 3242 533 3312 rheda
546 3249 609 3313 aut
622 3243 817 3328 pedisequo,
838 3243 977 3327 suisque
991 3241 1234 3314 veteramentis
1246 3241 1345 3312 indu·

343 3365 390 3430 ta
405 3359 525 3431 Omnis
539 3382 622 3432 suus
635 3369 777 3432 omatus
797 3361 949 3443 evanuit,
971 3382 1012 3431 ac
1036 3367 1164 3444 praeter
1185 3357 1343 3443 pusillam

342 3475 468 3546 soleam
482 3477 628 3547 vitream
643 3498 781 3562 prorsus
794 3477 878 3546 nihil
893 3498 936 3548 ex
950 3477 1044 3547 omni
1054 3497 1116 3548 sua
1127 3473 1343 3558 magnificen-

344 3592 392 3663 tia
406 3599 482 3664 erat
496 3594 626 3679 reliqui.

426 3711 562 3782 Interea
575 3711 611 3781 in
626 3712 786 3794 palatioa
801 3712 962 3796 vigilibus
985 3712 1167 3796 diligenter
1187 3712 1343 3796 disquisi-

342 3833 419 3898 tum
433 3834 496 3909 est,
512 3834 631 3898 utrum
647 3829 724 3912 quis
737 3828 880 3912 Regiam
896 3828 1016 3902 Filiam
1041 3831 1215 3914 praeterire
1241 3830 1343 3902 vidis·

342 3951 409 4027 set;
431 3943 466 4014 hi
481 3952 597 4016 tamen
612 3945 860 4030 responderunt
884 3947 1014 4018 nullam
1039 3949 1140 4018 aliam
1162 3948 1341 4020 mulierem

340 4083 377 4132 se
392 4061 671 4135 animadvertisse
687 4085 791 4148 quam
805 4087 990 4149 pannosam
1007 4065 1179 4149 quandam
1192 4067 1342 4150 puellam

341 4179 513 4250 rusticam.
