3540 5156
437 955 499 1026 160
770 968 875 1022 anor
896 969 944 1021 ar
966 967 1103 1022 rsrcus

438 1139 516 1210 dae⁰¹
532 1139 649 1208 lumen
663 1143 750 1207 atrae
763 1136 919 1220 fuliginis
933 1136 1080 1206 cinerem
1101 1135 1261 1219 arcessit;
1282 1142 1319 1205 et
1333 1157 1437 1206 sonus

436 1256 530 1328 tibiae
545 1254 660 1339 Zygiae
673 1261 831 1324 mutatur
844 1255 879 1322 in
895 1254 1078 1336 querulum
1099 1253 1246 1335 Lydium
1261 1253 1438 1335 modum;³²

437 1382 625 1456 cantusque
640 1374 741 1442 laetus
755 1371 960 1454 Hymenaei³³
973 1377 1009 1442 et
1023 1372 1136 1455 puella
1150 1379 1301 1455 nuptura
1325 1370 1436 1440 deter-

436 1499 498 1576 get
512 1491 679 1573 lacrymas
694 1488 766 1572 ipso
780 1510 843 1559 suo
856 1489 1051 1559 flammeo.³⁴

521 1608 574 1679 Sic
588 1607 723 1677 affectae
737 1606 859 1676 domus
872 1606 970 1676 triste
984 1607 1099 1676 fatum
1114 1612 1189 1676 tota
1201 1607 1306 1676 etiam
1316 1605 1438 1676 civitas

436 1725 671 1810 congemebat,
696 1723 861 1806 luctuque
885 1723 1020 1806 publico
1039 1723 1222 1793 confestim
1245 1745 1437 1806 congruens

436 1843 581 1914 edicitur
595 1840 802 1911 iustitium.³5
826 1839 893 1910 Sed
918 1839 1056 1910 monitis
1076 1840 1272 1911 coelestibus
1296 1841 1437 1924 parendi

436 1959 619 2030 necessitas
633 1956 797 2027 misellam
815 1957 982 2040 Psychem
1002 1956 1046 2026 ad
1069 1956 1276 2028 destinatam
1299 1979 1436 2042 poenam

436 2075 656 2160 efflagitabat.

519 2192 686 2263 Perfectis
699 2191 807 2273 igitur
820 2190 937 2259 feralis
958 2191 1098 2261 thalami
1111 2213 1190 2260 cum
1205 2212 1339 2261 summo
1353 2214 1437 2262 moe·

435 2332 511 2380 rore
526 2307 740 2390 solemnibus,
756 2314 830 2377 toto
845 2315 1072 2390 prosequente
1082 2309 1217 2392 populo,
1228 2308 1349 2378 vivum
1360 2331 1436 2393 pro

435 2427 574 2498 ducitur
598 2427 717 2507 funus,
742 2432 779 2494 et
801 2424 990 2506 lacrymosa
1014 2424 1145 2508 Psyche
1167 2425 1349 2496 comitatur
1365 2448 1436 2496 non

435 2542 583 2627 nuptias,
599 2543 658 2612 sed
672 2542 851 2624 exsequias
866 2563 955 2611 suas.
967 2542 1026 2624 Ac,
1038 2542 1121 2612 dum
1136 2541 1249 2612 moesti
1264 2551 1433 2626 parentes,

433 2667 469 2731 et
484 2667 582 2730 tanto
596 2661 685 2729 malo
698 2659 829 2743 perciti,
844 2659 1016 2729 nefarium
1036 2661 1172 2729 facinus
1195 2660 1357 2743 perficere
1381 2683 1435 2732 co·

434 2785 573 2861 nantur,
587 2778 660 2860 ipsa
673 2778 730 2847 illa
743 2777 813 2846 filia
826 2777 953 2847 talibus
967 2799 1024 2848 eos
1049 2777 1251 2848 adhortatur
1275 2779 1434 2849 vocibus:

517 2893 628 2978 “Quid
643 2895 814 2964 infelicem
827 2901 1000 2963 senectam
1014 2895 1099 2964 fletu
1113 2895 1246 2964 diutino
1260 2894 1435 2965 cruciatis?

435 3011 524 3096 Quid
537 3011 694 3095 spiritum
708 3018 872 3094 vestrum,
887 3011 945 3094 qui
970 3011 1080 3094 magis
1103 3033 1200 3082 meus
1224 3018 1287 3094 est,
1309 3011 1436 3082 crebris

434 3129 675 3200 eiulationibus
696 3129 875 3212 fatigatis?
903 3128 992 3210 Quid
1022 3129 1179 3213 lacrymis
1206 3129 1434 3200 inefficacibus

534 3365 576 3416 ³1.
593 3363 657 3424 Fax,
670 3364 770 3424 iacula,
782 3363 900 3415 frustum
918 3362 988 3428 ligni
1009 3364 1121 3425 ardens;
1138 3363 1211 3416 unde
1228 3363 1345 3416 multum
1362 3363 1433 3416 fumi

434 3448 487 3502 stri
513 3463 608 3514 parum
633 3446 752 3508 luminis,
775 3451 861 3510 atque
885 3447 991 3499 cineres
1013 3447 1140 3500 afferunt.
1152 3447 1257 3499 Lumen
1268 3475 1302 3484 -
1313 3447 1432 3508 arcessit,

434 3531 526 3584 anem.

533 3615 575 3667 32.
593 3613 634 3665 Ex
647 3614 710 3666 laeto
723 3613 752 3665 in
765 3613 874 3666 tristem
886 3613 1003 3674 modum,
1017 3613 1164 3675 modulum,
1175 3613 1329 3667 melodiam.

532 3699 574 3751 33.
591 3696 718 3762 nyma,
740 3695 789 3760 -s's,
817 3697 890 3750 Deus
912 3697 1088 3758 matrimonii,
1112 3697 1258 3764 nuptialis3
1282 3695 1430 3760 ulalatus,

433 3781 491 3844 -ais,
519 3781 627 3848 proprie
648 3796 730 3834 canes
752 3781 861 3834 ululant
887 3781 916 3833 in
941 3781 1043 3842 lunam,
1054 3781 1100 3833 hic
1114 3781 1231 3834 sumitur
1241 3797 1289 3847 pro
1301 3781 1432 3848 singultu,

432 3865 508 3926 fletu,
521 3865 637 3931 ploratu,
650 3864 823 3930 singultibus,
836 3869 865 3917 et
876 3863 1032 3916 eiulatione.

532 3949 574 4002 ³4.
591 3945 788 4010 Flammam,
804 3947 896 4000 velum
908 3947 1082 4000 reticulatum
1094 3947 1246 4010 mulierum,
1258 3963 1312 4015 quo
1323 3949 1432 4001 vultum

432 4033 524 4086 velare
536 4031 625 4084 solitae
637 4037 724 4092 erant,
737 4031 776 4084 sic
787 4035 915 4083 vocatum
927 4046 944 4083 a
956 4030 1048 4083 colore
1058 4030 1193 4084 flammeo.

532 4115 573 4168 ³5.
591 4113 713 4168 Coesafio
726 4113 788 4176 fori,
802 4113 971 4176 iudiciorum,
993 4113 1082 4167 omnis
1103 4113 1210 4176 laboris,
1229 4114 1287 4168 dies
1306 4114 1430 4178 semotus,

433 4199 541 4254 vacatio
552 4198 587 4251 ab
600 4197 675 4251 omni
688 4197 787 4259 labore,
801 4197 884 4250 teria.
