3540 5156
709 896 816 951 nuon
836 895 882 950 ar
903 895 1040 951 nsrcuu
1311 881 1373 952 167

373 1111 381 1132 .
424 1065 531 1134 .Nec
559 1087 672 1148 mora;
694 1087 803 1148 quum
833 1064 947 1147 paullo
975 1066 1148 1134 maturius
1176 1064 1373 1148 adveniens

373 1203 518 1265 eamque
538 1183 728 1252 etiamnum
749 1182 995 1265 lacrymantem
1018 1183 1225 1266 complexus,
1248 1184 1296 1253 sic
1318 1205 1375 1252 ex·

374 1301 544 1384 postulat:

457 1417 637 1486 “Haeccine
658 1415 741 1485 mihi
766 1415 979 1500 pollicebare,
1003 1416 1134 1500 Psyche
1159 1419 1257 1488 mea?
1283 1417 1373 1499 Quid

374 1535 442 1606 iam
457 1535 500 1605 de
515 1541 550 1604 te
565 1540 649 1604 tuus
663 1533 806 1604 maritus
820 1535 997 1618 exspecto?
1009 1535 1091 1618 quid
1105 1537 1226 1618 spero?
1241 1535 1286 1605 Et
1299 1556 1374 1619 per·

373 1653 438 1736 dia,
453 1660 489 1722 et
503 1673 643 1736 pernox,
658 1673 720 1722 nec
736 1653 827 1721 inter
847 1653 1025 1735 amplexus
1039 1653 1235 1736 coniugales
1249 1652 1376 1723 desinis

373 1771 556 1841 cruciatus.
592 1770 666 1852 nge
682 1769 750 1838 iam
763 1791 855 1839 nunc
870 1776 912 1838 ut
925 1771 1029 1852 voles,
1051 1777 1088 1839 et
1111 1770 1226 1840 animo
1241 1776 1302 1840 tuo
1317 1770 1375 1840 da-

373 1909 492 1958 mnosa
507 1886 658 1970 poscenti
673 1893 812 1970 paret0;
833 1894 972 1956 tantum
998 1887 1194 1958 memineris
1215 1909 1302 1957 meae
1323 1909 1374 1958 se·

373 2005 434 2074 riae
448 2003 653 2087 monitionis,
670 2025 778 2087 uuum
794 2005 936 2088 coeperis
951 2026 1027 2074 sero
1041 2004 1239 2088 poenitere.'’

456 2122 556 2192 Tunc
570 2122 628 2192 illa
642 2121 809 2205 precibus,
826 2129 861 2192 et
875 2122 960 2191 dum
974 2143 1011 2191 se
1024 2121 1227 2192 morituram
1238 2122 1375 2192 commi-

371 2245 487 2320 natur,
501 2245 684 2322 extorquet
698 2261 720 2309 a
734 2239 867 2321 marito,
883 2239 1008 2323 cupitis
1022 2247 1171 2310 annuat:
1188 2246 1229 2310 ut
1244 2261 1376 2311 sorores

371 2357 497 2438 videat,
522 2357 638 2426 luctus
662 2357 823 2439 mulceat,
847 2377 907 2426 ora
931 2357 1097 2427 conferat.
1120 2354 1174 2427 Sic
1194 2357 1249 2426 ille
1273 2379 1374 2428 novae

369 2480 488 2557 nuptae
502 2473 660 2556 precibus
672 2473 811 2542 veniam
826 2472 959 2556 tribuit,
984 2480 1030 2556 et,
1057 2473 1207 2558 insuper,
1234 2475 1373 2558 quibus·

369 2612 506 2674 cunque
519 2591 633 2672 vellet,
649 2612 708 2660 eas
721 2591 834 2674 auri,⁵⁵
858 2593 914 2661 vel
937 2591 1115 2662 monilium
1141 2592 1268 2662 donare
1293 2614 1370 2662 con·

371 2709 481 2779 cessit.
504 2708 572 2779 Sed
595 2708 782 2778 identidem
807 2708 951 2792 monuit,
977 2731 1017 2780 ac
1040 2731 1130 2793 saepe
1156 2709 1292 2793 terruit,
1316 2733 1376 2780 ne·

372 2826 510 2910 quando
525 2847 681 2896 sororum
695 2826 884 2910 pernicioso
897 2826 1036 2896 consilio
1060 2848 1172 2910 suasa,
1193 2827 1236 2897 de
1261 2827 1375 2898 forma

371 2939 486 3014 mariti
501 2950 646 3027 querat,
661 2965 750 3014 neve
766 2966 803 3014 se
817 2944 981 3027 sacrilega
995 2944 1204 3027 curiositate,
1217 2945 1261 3014 de
1275 2951 1375 3015 tanto

370 3062 593 3132 forumarum
613 3069 782 3145 suggestu
798 3083 936 3144 pessum
949 3061 1096 3145 deiiciat,
1120 3084 1184 3132 nec
1198 3084 1301 3134 suum
1316 3084 1375 3146 po-

371 3185 446 3250 stca
460 3178 639 3261 contingat
655 3179 861 3262 amplexum.

455 3295 591 3367 Gratias
605 3295 676 3379 egit
691 3297 825 3379 marito,
839 3297 976 3379 iamque
990 3297 1101 3368 laetior
1115 3297 1246 3368 animo:

454 3410 540 3483 “Sed
554 3413 681 3496 prius,'’
696 3414 817 3497 inquit,
842 3413 991 3484 “centies
1016 3415 1152 3497 moriar,
1178 3437 1283 3499 quam
1309 3423 1373 3486 tuo

369 3529 435 3599 isto
450 3529 643 3600 dulcissimo
668 3531 839 3601 connubio
865 3552 1009 3601 caream.
1031 3533 1119 3602 Amo
1134 3533 1225 3603 enim
1240 3540 1277 3604 et
1291 3534 1372 3604 effli-

368 3645 451 3716 ctim
465 3652 511 3728 te,
525 3647 723 3729 quicunque
739 3669 785 3730 es,
800 3655 906 3730 atque
920 3654 962 3719 ut
976 3670 1093 3719 meum
1116 3650 1276 3734 spiritum
1298 3651 1373 3722 dili·

469 3879 510 3933 55.
528 3878 618 3944 Auri,
634 3882 680 3934 vel
692 3879 852 3935 monilium
873 3884 987 3938 subaudi
1004 3883 1092 3950 donn·
1113 3887 1165 3940 hoc
1185 3893 1236 3950 est,
1256 3887 1371 3941 maritus

368 3963 484 4016 indulsit
496 3964 581 4026 uxori,
593 3969 625 4018 ut
637 3981 693 4017 non
707 3965 786 4019 modo
798 3967 934 4033 exciperet
946 3984 1052 4024 sorores
1064 3970 1093 4022 in
1105 3971 1215 4037 palatio,
1227 3971 1282 4034 sed,
1294 3971 1318 4025 si
1331 3971 1372 4024 ita

367 4046 578 4184 :limigteretun
590 4047 662 4100 doun
674 4049 742 4110 auri,
754 4051 800 4102 vel
814 4051 965 4112 monilium,
979 4054 1039 4106 sive
1055 4055 1197 4108 catenulas
1217 4070 1314 4108 aureas
1330 4055 1371 4108 eis
