3540 5156
460 981 523 1052 164
796 993 902 1048 moon
923 993 969 1046 rr
991 991 1128 1046 rsrcua

460 1164 606 1235 miratur
621 1163 765 1246 singula.
787 1162 832 1231 Et
847 1159 1075 1231 altrinsecus⁴⁶
1096 1157 1222 1228 aedium
1238 1156 1368 1240 horrea,
1384 1157 1464 1228 sub-

459 1281 530 1352 limi
544 1279 674 1352 fabrica
688 1279 852 1363 perfecta,
866 1277 1070 1361 magnisque
1081 1280 1244 1358 congesta
1253 1273 1373 1358 gazis⁴⁷
1386 1295 1465 1344 con·

459 1399 568 1485 spicit.
590 1398 664 1468 Nec
677 1405 731 1468 est
746 1397 934 1480 quidquam
956 1395 1047 1479 quod
1062 1395 1109 1465 ibi
1122 1415 1192 1463 non
1206 1398 1269 1464 est.
1290 1392 1356 1463 Sed
1378 1414 1464 1477 prae·

461 1525 516 1588 ter
530 1524 689 1587 caeteram
704 1521 881 1584 tantarum
895 1511 1094 1582 divitiarum
1114 1511 1385 1594 admirationem,
1400 1510 1465 1582 hoc

462 1642 536 1705 erat
559 1633 730 1717 praecipue
752 1631 943 1713 ndrificum,
969 1629 1061 1713 quod
1083 1629 1177 1699 nullo
1201 1628 1349 1711 vinculo,
1369 1627 1467 1700 nullo

460 1752 620 1832 claustro,
635 1749 728 1818 nullo
742 1747 884 1818 custode
898 1746 1006 1817 totius
1020 1746 1110 1817 orbis
1123 1745 1308 1816 thesaurus
1320 1745 1375 1816 ille
1389 1768 1466 1817 mu·

462 1868 631 1939 niebatur.
647 1865 713 1948 Hic¹
725 1866 757 1936 ei
772 1887 906 1936 summa
920 1887 999 1935 curn
1013 1865 1192 1947 voluptate
1207 1863 1338 1934 visendi
1361 1864 1466 1935 offert

462 2007 535 2056 sese
548 2005 618 2054 vox
632 1983 789 2066 quaedam
804 1982 953 2066 corporis
967 1981 1021 2052 sui
1035 1980 1166 2051 nuda.⁴⁸

546 2099 622 2182 “Et,
647 2098 761 2183 quid,”
786 2098 908 2182 inquit,
933 2097 1099 2179 “domina,
1124 2099 1230 2168 tantis
1254 2099 1467 2182 obstupescis

463 2219 605 2303 opibus?
626 2217 704 2287 'lua
716 2216 790 2286 haec
805 2223 887 2286 sunt
902 2215 1024 2286 omnia.
1036 2214 1181 2285 Prohinc
1191 2216 1347 2286 cubiculo
1362 2223 1398 2287 te
1412 2239 1466 2288 re-

462 2337 528 2419 fer,
543 2342 580 2406 et
593 2335 718 2404 lectulo
732 2333 967 2404 lassitudinem
982 2335 1113 2416 refove,
1128 2339 1165 2402 et
1189 2355 1232 2402 ex
1257 2333 1397 2404 arbitrio
1420 2335 1468 2405 la·

464 2474 606 2523 vacrum
621 2458 709 2535 pete.
736 2451 817 2533 Nos,
834 2471 981 2533 quarum
1002 2471 1104 2520 voces
1118 2450 1252 2533 accipis,
1267 2456 1339 2520 tuae
1353 2451 1467 2524 famu·

463 2572 516 2652 lae,
532 2569 649 2640 sedulo
663 2568 725 2638 tibi
750 2589 794 2651 pr
809 2567 1111 2649 tministrabimus;
1133 2590 1196 2638 nec
1211 2569 1361 2652 corporis
1382 2591 1469 2641 cura

463 2696 509 2772 te,
525 2709 588 2758 nec
602 2685 734 2769 regales
748 2686 859 2768 epulae
873 2684 1131 2755 morabuntur.”

548 2803 660 2874 Sensit
675 2802 805 2885 Psyche
820 2801 954 2871 Divinae
969 2800 1198 2872 Providentiae
1208 2802 1468 2888 beatitudinem,

465 2923 682 3003 monitusque
695 2940 798 2989 voces
809 2918 975 2988 informes
988 2918 1140 3001 audiens,
1162 2925 1198 2988 et
1220 2919 1316 3004 prius
1337 2943 1468 3005 somno,

465 3049 502 3112 et
516 3061 596 3109 mox
609 3039 755 3119 lavacro,
780 3036 1020 3118 fatigationem
1043 3035 1152 3106 diluit.
1174 3037 1324 3120 Visoque
1350 3039 1468 3109 statim

464 3159 618 3242 proximo
633 3153 874 3235 semirotundo,
889 3159 1094 3236 suggestum
1103 3161 1252 3237 propter,
1262 3154 1470 3226 instrumen-

465 3282 542 3345 tum
568 3271 792 3342 coenatorium
819 3277 905 3352 rata,
929 3269 1075 3340 refectui
1097 3291 1159 3341 suo
1182 3272 1408 3356 commodum,
1430 3273 1468 3344 li·

466 3393 551 3463 bens
564 3388 770 3460 accumbit.⁴⁹
785 3388 831 3457 Et
845 3388 932 3458 illico
946 3387 1017 3458 vini
1030 3387 1191 3471 nectarei,
1207 3389 1468 3475 eduliorumque

568 3558 612 3611 46.
628 3557 669 3609 Ex
680 3557 766 3610 altera
795 3561 855 3608 arte
867 3557 970 3618 domus,
984 3571 1092 3610 camera
1104 3556 1243 3621 penuaria,
1254 3557 1398 3622 victimis,
1410 3575 1470 3613 nra·

468 3643 524 3694 gna
537 3631 597 3678 arte
610 3624 758 3684 fabrorum,
770 3572 942 3686 llzdorrima,
957 3624 1040 3684 facta,
1054 3629 1168 3676 structa.

567 3693 609 3744 47.
632 3689 723 3754 Gaza,
741 3705 784 3752 -ω,
796 3690 949 3751 thesaurus,
958 3707 1030 3756 opes,
1042 3691 1160 3752 divitiam
1178 3689 1284 3756 Psyche
1295 3691 1372 3746 videt
1383 3709 1471 3748 came·

467 3758 714 3886 ‘sellim
723 3757 1472 3891 {mentrithnlttthtttthtfhm

569 3893 611 3946 48.
628 3892 692 3945 Sola
704 3907 765 3953 vox,
778 3891 838 3944 sine
849 3907 969 3958 corpore.

569 3961 611 4012 49.
628 3960 693 4012 Post
706 3959 854 4019 lavacrum,
866 3958 925 4010 sive
935 3958 1071 4018 balneum,
1088 3957 1231 4024 egrediens
1250 3957 1365 4024 Psyche,
1385 3961 1472 4014 enirn·

470 4027 590 4081 edvertit
602 4041 684 4093 prope
695 4026 729 4078 ad
740 4031 908 4092 suggestum,
919 4025 979 4078 sive
986 4040 1108 4078 mensam
1117 4025 1354 4089 semicirculum,
1367 4028 1386 4081 i.
1399 4044 1430 4090 e..
1439 4029 1470 4082 in

469 4093 586 4161 speciem
600 4092 772 4154 semicirculi,
784 4093 829 4144 vel
841 4091 914 4144 lunae
927 4090 1084 4153 dimidiatae,
1101 4092 1186 4144 alium
1206 4099 1365 4159 suggestum
1385 4095 1471 4158 ium,

471 4177 503 4216 so
536 4160 668 4213 llectilem
680 4159 929 4212 coenatoriameum
958 4159 1055 4219 navit,
1067 4158 1112 4211 cui
1124 4159 1282 4212 accubitum
1294 4163 1472 4217 secoensndo

472 4245 489 4295 p
520 4227 586 4280 chre
597 4227 708 4280 reficere
718 4241 804 4292 posse,
815 4226 908 4292 itaque
920 4225 939 4277 li
974 4231 1037 4278 nter
1047 4226 1182 4280 accubuit.
