3540 5156
438 907 502 978 190
772 920 876 975 auore
897 919 944 974 aa
966 918 1104 974 esrom

521 1090 604 1164 “Vel
617 1090 764 1161 maxime
779 1089 945 1173 Psychem
965 1089 1031 1172 ille,
1057 1109 1143 1158 meae
1167 1088 1291 1159 formae
1318 1109 1438 1158 succu-

435 1211 564 1293 bam,¹²⁰
578 1211 645 1278 mei
661 1207 808 1277 nominis
822 1207 994 1289 aemulam,
1015 1227 1097 1276 vere
1121 1205 1241 1290 diligit.
1262 1205 1437 1275 Nimirum

435 1326 518 1398 illud
532 1322 1066 1395 incrementum¹2¹mediamcem
1089 1344 1145 1392 me
1168 1322 1315 1406 putavit,
1340 1322 1439 1392 cuius

435 1449 628 1514 monstratu
643 1440 793 1524 puellam
808 1439 900 1510 illam
916 1441 1166 1522 cognosceret.”

517 1560 601 1630 Haec
615 1558 784 1642 quiritans
797 1557 987 1642 properiter
1008 1557 1153 1639 emergit
1168 1579 1187 1626 e
1201 1557 1297 1640 mari,
1321 1578 1438 1628 suum·

436 1700 504 1763 que
517 1676 675 1760 protinus
688 1696 834 1745 aureum
848 1674 1039 1744 thalamum
1053 1675 1149 1758 petit,
1165 1682 1200 1744 et
1216 1682 1361 1758 reperto,
1377 1675 1436 1745 sic·

434 1801 477 1866 ut
491 1794 657 1875 audierat,
671 1799 802 1874 aegroto
816 1813 934 1874 puero,
949 1791 1017 1861 iam
1031 1790 1109 1861 inde
1127 1813 1155 1882 ¹a
1178 1792 1312 1862 foribus
1332 1813 1437 1876 quam

434 1911 583 1983 maxime
604 1910 727 1980 boans:

519 2027 724 2108 “Honesta''
753 2025 874 2109 inquit,
905 2023 1009 2106 “haec,
1039 2032 1075 2094 et
1100 2025 1273 2096 natalibus
1301 2027 1436 2110 nostris,

434 2146 603 2228 bonaeque
617 2144 670 2213 tui
684 2143 780 2225 frugi
795 2143 1037 2226 congruentia?
1060 2143 1108 2213 Ut
1124 2143 1272 2226 primum
1298 2144 1436 2228 quidem

436 2270 508 2334 tuae
533 2260 695 2345 parentis,
722 2260 800 2342 imo,
828 2259 992 2342 Dominae,
1013 2268 1184 2344 praecepta
1198 2263 1354 2345 calcares,
1375 2285 1439 2332 nec

435 2379 579 2451 sordidis
594 2375 769 2448 amoribus
783 2376 954 2446 inimicam
975 2398 1088 2446 meam
1110 2378 1293 2460 pollueres;
1315 2401 1438 2450 verum

435 2497 541 2569 etiam
555 2495 620 2565 hoc
634 2495 747 2564 aetatis
761 2515 857 2577 puer,
880 2493 950 2562 tuis
970 2494 1163 2564 immaturis
1187 2494 1348 2579 iungeres
1368 2519 1440 2567 am·

435 2613 607 2699 plexibus:
629 2619 671 2681 ut
685 2633 751 2695 ego
777 2615 950 2681 nurum¹²²
970 2611 1098 2681 scilicet
1121 2614 1304 2683 tolerarem
1329 2615 1440 2685 inimi-

435 2753 521 2802 cam.
537 2729 604 2801 Sed
627 2729 748 2812 utique
769 2728 959 2812 praesumis,
985 2733 1119 2811 ῐιιιεζο123
1143 2736 1178 2799 et
1202 2739 1382 2815 corruptor
1403 2740 1438 2802 et

434 2845 634 2928 inamabilis,
648 2852 684 2914 te
699 2845 809 2915 solum
824 2866 1039 2928 generosum,
1055 2867 1118 2915 nec
1131 2868 1187 2916 me
1201 2846 1270 2917 iam
1284 2869 1346 2932 per
1359 2857 1440 2919 aeta·

432 2971 505 3036 tem
519 2964 644 3033 valere.
659 2962 771 3034 Velim
786 2983 868 3045 ergo
884 2963 979 3044 scias,
1006 2964 1115 3032 multo
1130 2971 1165 3033 te
1180 2965 1357 3035 meliorem
1378 2966 1440 3036 fili·

432 3104 494 3154 um
519 3080 625 3150 alium
649 3079 864 3159 habituram;
885 3079 964 3161 imo,
990 3086 1030 3148 ut
1056 3081 1297 3151 contumeliam
1327 3084 1439 3167 magis

432 3198 569 3280 sentias,
605 3195 750 3279 aliquem
781 3196 824 3265 de
854 3195 938 3265 meis
966 3195 1207 3279 adoptaturam
1236 3199 1439 3282 vernulisffl

431 3315 530 3398 eique
545 3312 751 3383 donaturam
763 3312 848 3382 istas
862 3333 992 3394 pennas
1006 3319 1042 3381 et
1057 3311 1222 3396 flammas,
1249 3323 1284 3384 et
1307 3337 1437 3399 arcum,

431 3437 468 3503 et
477 3431 568 3513 ipsas
578 3429 733 3512 sagittas,
744 3435 780 3498 et
790 3450 928 3498 omnem
938 3450 1050 3498 meam
1065 3431 1319 3514 supellectilem,
1332 3454 1437 3515 quam

397 3533 399 3542 ⁸
428 3547 493 3620 tibi
506 3569 575 3618 non
590 3546 635 3616 ad
648 3545 710 3616 hos
725 3567 810 3615 usus
830 3544 1000 3615 dederam.
1022 3545 1096 3616 Nec
1111 3547 1203 3616 enim
1217 3569 1237 3616 e
1251 3549 1359 3631 patn's
1381 3550 1437 3620 tui

533 3797 590 3850 120.
606 3795 674 3850 llere
685 3795 901 3862 pulchritudinis
911 3795 1047 3856 aemulam,
1060 3811 1150 3849 meam
1162 3796 1287 3850 rivalem.

534 3883 592 3935 121.
609 3879 705 3941 Filius,
717 3879 832 3934 soboles.

534 3965 591 4018 122.
609 3963 684 4016 Uxor
695 3963 756 4016 filii.

533 4049 590 4100 123.
608 4047 741 4113 Nugator,
756 4045 865 4099 nebulo.

534 4133 590 4185 124.
608 4129 737 4192 Vernula,
748 4145 792 4191 -ae,
804 4129 888 4195 prolis
899 4145 915 4182 e
926 4129 1013 4183 servis
1025 4129 1099 4184 domi
1113 4137 1187 4184 nata.
