3540 5156
654 925 761 980 ouon
782 925 827 978 rr
848 925 985 980 psrcuu
1257 910 1319 980 165

317 1091 495 1162 variorum
523 1092 653 1162 fercula
677 1092 820 1176 copiosa,
846 1093 941 1163 nullo
962 1093 1144 1176 serviente,
1170 1093 1229 1163 sed
1244 1100 1321 1164 tan-

319 1213 396 1279 tum
419 1209 541 1292 spiritu
565 1209 713 1292 quodam
734 1209 889 1293 impulsa,
911 1210 1225 1280 subministrantur.
1247 1212 1321 1281 Nec

319 1347 532 1408 quemquam
553 1333 669 1396 tamen
683 1326 740 1396 illa
753 1327 870 1397 videre
893 1335 1038 1410 poterat,
1052 1328 1111 1398 sed
1125 1328 1231 1398 verba
1245 1335 1322 1398 tan·

318 1447 396 1512 tum
410 1443 571 1513 audiebat
593 1443 793 1526 excidentia,
809 1451 844 1513 et
859 1446 947 1514 solas
969 1467 1071 1514 voces
1092 1446 1242 1514 famulas
1261 1445 1320 1515 ha·

321 1558 433 1629 bebat.

404 1675 487 1746 Post
502 1676 633 1759 opimas
647 1676 753 1761 dapes
766 1677 907 1760 quidam
919 1677 1120 1761 introcessit,
1147 1685 1183 1748 et
1207 1685 1323 1749 canta·

318 1793 372 1864 vit
386 1793 535 1876 invisus;
557 1801 592 1864 et
606 1795 693 1864 alius
705 1795 837 1864 cithara
851 1795 1010 1878 pulsavit,
1033 1817 1114 1878 quae
1138 1795 1322 1867 videbatur

317 1935 382 1984 nec
396 1913 479 1996 ipsa.
499 1913 597 1982 Tunc
612 1912 800 1982 modulatae
821 1912 1051 1983 multitudinis
1065 1913 1240 1983 confercta
1253 1935 1323 1984 vox

316 2031 362 2102 ad
376 2051 479 2101 aures
498 2030 573 2099 eius
593 2030 757 2100 affertur:
779 2037 820 2100 ut
834 2031 992 2113 quamvis
1016 2030 1196 2102 hominum
1220 2052 1321 2101 nemo

316 2152 466 2232 pareret,
479 2147 622 2218 chorum
636 2155 752 2216 tamen
767 2169 840 2218 csse
855 2151 997 2231 pateret.

403 2281 525 2352 Finitis
539 2281 785 2365 voluptatibus,
800 2303 944 2366 vespera
966 2282 1142 2364 suadente,
1168 2282 1322 2353 concedit

318 2399 450 2483 Psyche
464 2398 629 2469 cubitum.
646 2399 786 2482 lamque
801 2407 964 2482 provecta
976 2408 1078 2470 nocte
1091 2401 1239 2470 clemens
1249 2400 1323 2483 qui·

315 2517 398 2588 dam
412 2538 518 2586 sonus
531 2537 633 2586 aures
646 2516 721 2586 eius
735 2516 866 2586 accidit.
887 2517 995 2600 Tunc,
1017 2539 1080 2600 pro
1094 2524 1192 2587 tanta
1205 2517 1322 2587 solitu-

317 2634 398 2704 dine
425 2633 488 2704 sibi
512 2637 679 2716 metdens,
702 2642 737 2703 et
762 2641 868 2716 pavet
893 2641 928 2703 et
952 2633 1126 2716 horrescit,
1145 2640 1181 2704 et
1196 2633 1320 2717 quovis

316 2753 409 2822 malo
422 2751 500 2835 plus
513 2750 624 2832 timet,
640 2750 731 2832 quod
747 2750 891 2833 ignorat
918 2751 1061 2833 lamque
1082 2751 1202 2821 aderat
1224 2751 1319 2834 igno

318 2867 419 2938 bilis⁵⁰
441 2867 596 2950 maritus,
621 2874 658 2937 ct
681 2889 824 2938 uxorem
848 2867 911 2938 sibi
934 2868 1099 2952 Psychem
1121 2869 1262 2951 fecerat,
1284 2875 1320 2939 et

314 2994 399 3057 ante
413 2985 499 3057 lucis
511 2993 669 3056 exortum
683 3006 827 3069 propere
842 2985 1059 3067 discesserat;
1082 2985 1199 3055 statim
1218 3007 1321 3056 voces

315 3103 475 3176 cubiculo
489 3103 695 3186 praestolatae
708 3124 834 3172 novam
848 3109 993 3186 nuptam
1007 3103 1168 3172 salutant.

403 3220 488 3291 Haec
503 3219 637 3290 diutino
657 3226 812 3303 tempore
836 3220 883 3289 sic
904 3221 1105 3304 agebantur.
1131 3221 1257 3304 Atque,
1278 3227 1320 3291 ut

314 3344 371 3408 est
385 3340 512 3407 natura
527 3337 735 3420 redditum,⁵¹
758 3337 893 3407 novitas
908 3359 969 3421 per
982 3338 1154 3408 assiduam
1179 3360 1318 3409 consue·

314 3456 475 3526 tudinem
495 3455 753 3526 delectationem
766 3454 797 3524 ei
812 3455 1077 3539 commendarat,
1093 3461 1130 3524 et
1143 3476 1248 3525 sonus
1261 3477 1321 3525 vo-

314 3573 366 3643 cis
379 3573 520 3642 incertae
533 3572 724 3642 solitudinis
739 3579 813 3641 erat
828 3571 995 3642 solatium.

402 3691 538 3760 interea
550 3695 711 3773 parentes
723 3688 798 3759 eius
810 3688 981 3759 indefesso
995 3690 1102 3772 luctu,
1116 3695 1222 3773 atque
1235 3712 1321 3762 mos·

313 3827 393 3878 rore
405 3806 512 3877 animi
525 3806 821 3877 consenescebant.
838 3805 1026 3889 Latiusque
1041 3813 1198 3890 porrecta
1212 3808 1318 3890 fama,

416 4075 459 4129 50.
476 4075 534 4129 Hoc
545 4075 575 4128 iu
587 4089 669 4129 seusu
681 4073 809 4141 iunctus
827 4074 874 4142 qui
888 4085 938 4128 uec
950 4075 1079 4141 cognosci
1090 4074 1186 4142 possit.

422 4159 465 4213 51.
481 4158 520 4213 Ut
532 4173 623 4211 rerum
636 4163 736 4211 natura
746 4157 798 4212 hoc
810 4159 961 4220 constituit,
974 4164 1006 4211 ut
1018 4158 1051 4211 fit
1062 4160 1169 4212 natura
