3522 5156
643 983 818 1038 uucsnun
838 983 1013 1038 nunnunn
1287 971 1327 1042 11

410 1148 575 1220 Sultanus
589 1151 722 1234 aspexit
732 1151 871 1235 lapides,
884 1153 1010 1237 quippe
1019 1152 1078 1236 qui
1088 1174 1244 1235 gemmas
1254 1160 1329 1223 tan·

328 1269 355 1339 ti
369 1267 470 1352 pretii
482 1268 619 1338 viderat
636 1290 826 1352 nunquam.

411 1382 542 1469 “Quam
560 1385 749 1468 praeclarae!
771 1387 883 1467 Quam
898 1387 1087 1470 pulchrae!”
1102 1386 1329 1458 mirabundus

326 1502 495 1573 exclamat
510 1500 684 1586 Sultanus,
699 1502 791 1573 unde
812 1503 856 1574 ad
881 1525 1055 1575 summum
1082 1505 1203 1575 ducem
1225 1526 1327 1575 suum

325 1641 522 1702 conversus,
537 1618 775 1690 sciscitabatur
789 1627 909 1690 utrum
925 1621 955 1691 is
967 1643 1036 1691 non
1050 1643 1190 1706 aequum
1216 1621 1329 1691 existi·

326 1745 447 1821 maret,
462 1745 503 1808 ut
518 1758 643 1808 manus
658 1737 774 1822 Regiae
790 1737 883 1809 Filiae
899 1739 929 1810 ei
944 1739 1148 1822 traderetur,
1170 1738 1228 1823 qui
1250 1761 1327 1809 eam

325 1863 424 1928 tanto
438 1857 550 1940 pretio
564 1855 759 1926 aestimaret.

411 1973 563 2056 Quaestio
593 1995 766 2044 summum
795 1974 917 2045 ducem
946 1975 1130 2046 admodum
1160 1974 1327 2057 confudit,

325 2091 486 2176 quoniam
515 2091 659 2174 Regiam
690 2091 810 2162 Filiam
836 2114 898 2162 suo
923 2092 1028 2176 ipsius
1047 2091 1116 2162 filio
1132 2090 1328 2175 desponsari

323 2210 575 2294 concupiverat.

409 2325 479 2397 “Mi
493 2327 668 2409 Domine,”
684 2327 859 2411 respondit
872 2328 936 2411 ille,
953 2327 1064 2399 “dona
1079 2327 1156 2411 ista,
1170 2328 1326 2411 profecto

326 2442 523 2528 dignissima
539 2450 629 2526 sunt,
645 2452 884 2516 verumtamen
900 2445 1024 2528 largire
1039 2451 1110 2515 tres
1123 2465 1258 2515 menses
1268 2465 1327 2513 an·

324 2568 466 2645 tequam
482 2582 555 2630 rem
569 2560 740 2631 dirimas.”

408 2677 579 2760 “Placet”
594 2678 643 2748 ait
658 2676 831 2762 Sultauus
850 2679 910 2750 sed
925 2701 1033 2763 quum
1048 2679 1177 2764 lapides
1201 2679 1325 2763 pretio·

325 2817 380 2866 sos
394 2796 542 2866 retinere
557 2794 663 2865 vellet
677 2793 750 2878 sibi,
764 2797 868 2866 matri
882 2796 1039 2867 Aladdini
1061 2797 1109 2868 sic
1132 2796 1324 2880 respondit:

325 2912 479 2983 “Nuntia
493 2912 562 2982 filio
576 2920 648 2995 tuo,
663 2913 874 2996 propositum
889 2937 992 2986 suum
1012 2915 1096 2985 mihi
1118 2914 1325 3000 acceptabile

324 3053 408 3113 esse,
437 3037 676 3102 verumtamen
706 3031 810 3101 filiam
841 3053 953 3102 meam
976 3033 1087 3103 locare
1109 3040 1190 3102 ante
1210 3033 1327 3102 trime·

323 3156 435 3218 strum
450 3168 505 3217 me
518 3148 671 3231 nequire.
697 3150 779 3220 Post
794 3149 828 3221 id
843 3149 1006 3232 temporis
1028 3151 1177 3233 spatium
1202 3149 1246 3220 ad
1269 3171 1324 3220 me

324 3265 531 3336 revertere.’'

407 3383 519 3466 Igitur
534 3391 645 3453 mater
659 3383 818 3454 Aladdini
832 3385 912 3455 laeta
926 3384 1065 3454 domum
1089 3405 1243 3468 regressa
1262 3390 1324 3466 est,

325 3499 416 3570 filius
430 3507 548 3571 autem
574 3508 713 3585 accepto
738 3503 859 3573 nuntio
888 3523 1022 3572 summo
1049 3501 1176 3585 gaudio
1204 3501 1326 3572 afficie-

325 3615 440 3688 batur.
1052 3603 1054 3606 ⁵

407 3733 553 3806 Factum
568 3742 621 3805 est
636 3742 713 3818 post
728 3735 814 3806 duos
834 3756 978 3818 menses,
1004 3742 1045 3806 ut
1069 3735 1174 3805 vidua
1197 3757 1325 3807 merca·

323 3857 400 3921 turn
415 3850 630 3934 prodivisset.
652 3853 736 3923 Vias
749 3856 875 3937 magna
897 3852 1075 3923 hominum
1090 3857 1230 3922 caterva
1244 3874 1327 3936 qua·

323 3989 534 4052 quaversum
549 3975 680 4040 scatere
703 3969 840 4054 reperit,
866 3989 1071 4052 omnemque
1093 3969 1325 4053 frequentiam

322 4089 419 4156 certa
433 4087 548 4170 aliqud
562 4106 600 4157 re
615 4085 787 4157 delectari.
801 4085 948 4157 Causam
973 4091 1173 4170 percontata
1198 4086 1325 4170 reperit

323 4201 467 4286 Regiam
482 4202 602 4274 Filiam
622 4201 921 4274 Badrulbuduram
937 4223 1017 4273 mox
1030 4201 1099 4274 filio
1113 4203 1238 4274 summi
1263 4202 1324 4273 du-
