3554 5156
458 977 500 1048 76
685 993 941 1049 euucunmuuo
963 993 1084 1060 mous
1105 993 1233 1048 susm

457 1159 573 1244 velint,
584 1169 660 1232 tute
672 1161 715 1232 ad
731 1183 786 1233 me
798 1160 890 1232 intra
903 1161 990 1233 duos
1004 1184 1137 1234 menses
1151 1183 1367 1232 reversuram
1381 1181 1456 1244 spo

456 1279 635 1362 pondisti.”

540 1395 643 1467 “Fide
656 1396 719 1467 tibi
734 1397 883 1480 spondeo
892 1419 948 1467 me
958 1397 1177 1479 redituram,'’
1188 1397 1261 1481 ipsa
1272 1397 1454 1480 respondit.

540 1515 591 1585 Ea
604 1522 705 1587 nocte
718 1515 854 1586 iuvenis
867 1514 930 1585 sibi
945 1514 980 1585 in
996 1516 1126 1586 somnio
1140 1516 1243 1586 etiam
1258 1516 1356 1586 solito
1371 1537 1454 1585 moe·

457 1633 540 1703 stior
555 1632 746 1703 videbatur.

540 1747 763 1820 “Tunehunc
777 1751 921 1832 locum,”
935 1751 1060 1834 ouaent
1082 1751 1148 1834 ille,
1173 1749 1268 1821 “haec
1290 1750 1454 1835 cubicula,

458 1866 549 1936 hunc
563 1867 746 1950 caespitem,
761 1867 824 1938 has
837 1868 987 1951 semitas,
1012 1891 1098 1952 quas
1120 1868 1263 1952 singulis
1287 1866 1454 1951 noctibus,

455 1985 588 2056 etiamsi
612 1985 647 2054 in
672 1985 803 2057 somnio
827 1986 1017 2070 dumtaxat,
1042 1986 1328 2070 perambulamus,
1358 1985 1456 2055 relin-

456 2103 583 2186 ques‘!”

540 2219 650 2305 “Quid
666 2222 783 2303 refert,
799 2243 907 2304 quum
918 2222 991 2292 haec
1002 2221 1133 2292 somnia
1142 2227 1279 2292 tantum
1287 2219 1456 2290 fuerint?’'

458 2337 631 2422 respondit
646 2338 878 2409 Pulchritudo.
895 2337 1008 2420 “Quin
1023 2338 1127 2408 etiam
1141 2359 1250 2421 quum
1265 2337 1355 2408 domi
1369 2357 1456 2408 meae

455 2456 566 2538 fuero,
582 2455 695 2525 licebit
709 2456 792 2526 mihi
807 2477 943 2540 quaque
956 2462 1055 2526 nocte
1070 2455 1240 2526 somniare
1261 2476 1316 2525 me
1339 2462 1455 2525 tecum

455 2571 511 2642 hic
524 2572 685 2642 versari.’'

539 2691 599 2760 Ille
614 2697 729 2759 tamen
745 2689 788 2759 ad
804 2689 877 2759 haec
892 2690 976 2760 nihil
992 2690 1174 2773 respondit.

540 2806 706 2877 Postridie
721 2807 811 2876 diem
825 2807 970 2877 solidum
982 2806 1207 2877 Pulchritudo
1215 2805 1457 2888 componendis

456 2932 492 2994 et
506 2923 728 2994 convasandis
741 2923 783 2994 iis
796 2923 1033 3007 pulcherrimis
1053 2923 1155 2994 rebus
1176 2923 1348 3007 expendit
1370 2943 1457 3006 quos

457 3042 572 3111 Bestia
586 3041 647 3110 sibi
663 3041 814 3124 domum,
829 3041 873 3111 ad
888 3041 1054 3112 familiam
1069 3063 1167 3111 suam
1181 3040 1386 3111 deferendas
1399 3040 1456 3110 do

455 3166 610 3228 neverat.
633 3158 710 3240 Ipsa
724 3157 790 3228 iter
805 3165 942 3241 postero
956 3180 1056 3228 mane
1072 3180 1109 3228 se
1123 3166 1320 3242 carpturam
1344 3156 1456 3227 existi·

454 3274 573 3356 mavit,
588 3281 625 3344 at
641 3274 755 3344 Bestia
769 3274 877 3358 pridie
891 3275 1026 3358 vesperi
1052 3274 1220 3344 annulum
1233 3274 1264 3344 ei
1280 3273 1384 3366 dedit,
1399 3273 1456 3345 do-

455 3392 595 3475 cuitque
610 3414 698 3474 eam,
714 3413 750 3462 se
764 3391 847 3461 nihil
862 3391 926 3461 nisi
951 3393 1119 3461 annulum
1132 3391 1168 3461 in
1183 3390 1290 3474 digito
1315 3391 1457 3461 circum·

455 3517 592 3580 vertere
606 3517 773 3592 oportere,
788 3515 891 3591 atque
905 3508 1016 3592 dicere
1031 3509 1090 3579 ubi
1115 3529 1188 3578 esse
1211 3509 1325 3591 vellet,
1347 3529 1456 3591 quum

453 3629 615 3697 futurum
632 3632 730 3708 esset,
746 3634 787 3696 ut
801 3625 955 3709 proximo
969 3647 1071 3696 mane
1085 3626 1153 3696 iam
1167 3625 1293 3695 ibidem
1314 3633 1414 3696 esset.

538 3743 683 3814 Proinde
698 3742 853 3813 cubitum
868 3742 959 3812 itura
974 3743 1139 3812 annulum
1149 3743 1185 3812 in
1197 3742 1304 3826 digito
1314 3741 1456 3813 circum·

451 3861 567 3943 vertit,
583 3861 747 3944 dixitque,
761 3859 883 3930 “Domi
898 3881 985 3929 meae
999 3881 1073 3930 esse
1088 3859 1220 3944 cupio.”

536 3977 694 4047 Proximo
709 3976 825 4060 itaque
840 3998 951 4060 mane,
967 3978 1036 4047 sole
1048 3977 1116 4046 iam
1131 3977 1166 4046 in
1177 3975 1315 4046 vultum
1330 3975 1392 4046 sibi
1407 3975 1457 4045 in·

453 4095 596 4177 ridente,
609 4093 872 4178 expergefiebat.
885 4093 953 4164 “At
967 4094 1016 4164 sol
1031 4116 1099 4163 non
1110 4115 1171 4178 per
1181 4115 1257 4163 eam
1267 4095 1456 4164 fenestram

453 4213 591 4294 intrat,'’
606 4211 779 4294 cogitabat
793 4211 866 4295 ipsa
880 4232 1006 4292 secum,
1021 4229 1167 4294 suosque
1181 4211 1330 4280 famulos
1342 4209 1457 4280 simios
