3522 5156
421 999 464 1072 56
684 1021 937 1076 nurcnnmuno
959 1020 1159 1077 consonum

505 1185 765 1270 Quamprimum
780 1210 919 1272 gressus
933 1210 1014 1258 suos
1028 1187 1213 1258 adversum
1227 1187 1361 1269 sylvam
1372 1184 1420 1255 di·

419 1310 564 1386 rexerat,
581 1304 718 1374 arbores
732 1326 892 1389 procera,
913 1305 1054 1389 perinde
1068 1311 1173 1388 atque
1187 1303 1343 1385 humiles,
1358 1301 1421 1373 du·

418 1426 512 1489 meta
527 1441 565 1490 ac
580 1421 736 1504 frutices,
752 1443 875 1504 vepres
888 1429 992 1506 atque
1017 1428 1132 1492 sentes
1157 1429 1237 1491 ante
1262 1441 1343 1490 eum
1368 1441 1420 1488 re-

417 1544 604 1620 cesserunt,
619 1539 719 1621 eique
733 1539 826 1609 viam
840 1541 930 1609 ultro
954 1539 1202 1622 patefecerunt.
1226 1539 1347 1622 ltaque
1368 1557 1421 1606 oe·

416 1653 479 1723 leri
485 1675 605 1736 gressu
612 1655 797 1726 adversum
809 1656 986 1726 castellum
997 1655 1211 1739 properabat,
1221 1653 1313 1739 quod
1321 1653 1419 1737 quasi

416 1791 477 1854 per
492 1771 634 1854 longum
650 1777 814 1855 xystum¹⁹
829 1794 903 1843 sese
926 1773 1016 1843 visui
1039 1793 1102 1843 suo
1125 1770 1303 1853 offerebat,
1325 1768 1418 1854 quod

416 1909 525 1971 quum
541 1897 718 1960 assecutus
730 1897 830 1972 esset,
846 1891 918 1960 sine
933 1911 1029 1960 mora
1049 1889 1202 1972 intravit,
1229 1888 1288 1959 sed
1312 1887 1419 1958 anim·

417 2005 567 2075 advertit
582 2006 716 2077 nullum
730 2028 873 2077 suorum
888 2013 1046 2077 secutum
1061 2027 1145 2088 esse,
1166 2004 1259 2090 quod
1280 2003 1420 2075 arbores

414 2143 455 2192 ac
470 2121 610 2193 dumeta
624 2145 712 2206 pone
727 2145 763 2193 se
778 2124 869 2193 viam
885 2124 1011 2194 iterum
1038 2125 1260 2192 occluserant.
1277 2122 1354 2201 lpse
1367 2128 1419 2191 ta-

415 2261 496 2310 men
524 2239 608 2310 nihil
637 2239 800 2311 dubitans
829 2240 1129 2325 progrediebatur;
1159 2239 1303 2323 quisque
1328 2239 1420 2308 enim

416 2355 546 2440 Regius
560 2357 699 2427 Iuvenis
714 2378 831 2427 amore
845 2377 1029 2427 succensus
1042 2357 1252 2427 fortissimus
1267 2363 1330 2426 est
1357 2355 1423 2439 lgi-

417 2479 476 2543 tur
490 2473 647 2557 pervenit
662 2473 697 2542 in
712 2495 827 2544 aream
842 2475 1023 2558 internam,
1035 2473 1095 2544 ubi
1111 2495 1262 2558 quaeque
1275 2473 1421 2556 viderat,

414 2589 516 2660 facile
531 2590 656 2674 cuique
670 2589 888 2660 formidinem
904 2591 1056 2660 incutere
1077 2596 1254 2674 poterant;
1275 2591 1419 2673 profun-

414 2705 590 2776 dissimum
604 2706 650 2776 ibi
676 2707 817 2790 vigebat
839 2707 1030 2789 silentium;
1052 2707 1323 2791 circumquaque
1349 2728 1422 2777 cor·

414 2844 499 2907 pora
523 2823 701 2893 hominum
723 2830 829 2907 atque
854 2824 1086 2895 iumentorum
1111 2823 1417 2907 conspiciebantur,

418 2960 497 3022 quae
511 2939 717 3009 cadaverum
733 2941 878 3023 speciem
894 2941 1100 3011 referebant.
1114 2941 1362 3011 Verumtamen
1378 2941 1422 3012 de

416 3055 603 3140 pustulosis
617 3057 718 3139 nasis,
734 3057 1001 3140 rubicundisque
1014 3057 1112 3140 genis
1126 3057 1320 3128 baiulorum
1335 3059 1419 3128 faci·

416 3173 447 3243 le
461 3172 603 3256 agnovit
617 3173 680 3242 hos
693 3193 811 3243 omnes
835 3173 982 3243 dormire
1003 3181 1161 3256 tantum;
1184 3180 1352 3256 praeterea
1374 3174 1417 3244 de

414 3291 547 3374 poculis
560 3289 649 3359 circa
664 3310 730 3372 eos,
746 3311 766 3358 e
781 3289 906 3372 quibus
919 3289 1047 3373 poculis
1071 3311 1135 3360 nec
1159 3310 1280 3372 paucae
1304 3299 1417 3374 guttae

413 3405 557 3477 deerant
570 3407 651 3488 vini,
666 3405 733 3475 cito
747 3405 914 3476 intellexit
924 3406 987 3477 hos
996 3407 1086 3477 inter
1097 3406 1286 3490 potandum
1297 3429 1417 3479 somno

414 3543 595 3606 oppressos
608 3522 726 3592 fuisse.

505 3639 589 3709 Inde
624 3637 814 3721 praeterivit
850 3659 964 3708 aream
1000 3640 1226 3744 marmoribus
1260 3647 1417 3725 stratam,

415 3755 567 3826 ascendit
583 3755 721 3838 gradus,
736 3755 978 3838 ingressusque
989 3763 1042 3825 est
1051 3756 1247 3827 cubiculum
1257 3757 1416 3842 praesidii,

415 3872 475 3943 ubi
501 3872 624 3955 vigiles
637 3871 673 3940 in
687 3871 805 3941 ordine
830 3871 977 3954 stabant,
1004 3873 1178 3956 sclopeta²⁰
1202 3875 1239 3944 in
1263 3875 1418 3948 humen's

413 3996 583 4072 gerentes,
597 3987 712 4058 cuncti
726 3993 918 4057 stertentes
934 3987 1037 4058 Plura
1061 3988 1140 4060 dein
1161 3991 1337 4063 conclavia
1357 4013 1417 4078 pe·

516 4171 555 4224 19.
573 4169 698 4236 xpum,
713 4168 746 4231 ·i,
760 4169 870 4224 ordines
881 4171 1015 4232 arborum,
1027 4187 1089 4226 eum
1102 4173 1260 4228 ambulacro
1274 4175 1303 4228 in
1315 4177 1416 4230 medlo.

513 4239 555 4290 20.
572 4238 654 4290 Anna
666 4235 826 4290 laculatoria
836 4235 963 4302 igniaria.
