3540 5156
388 945 451 1015 154
727 961 832 1014 nuos
852 961 898 1014 nr
919 960 1055 1015 esrcnn

386 1129 536 1200 numinis
551 1131 605 1201 sui
617 1131 744 1214 passim
758 1131 890 1201 tribute
911 1131 1023 1214 venia,
1046 1131 1082 1200 in
1105 1129 1226 1201 mediis
1249 1149 1389 1200 conver·

386 1247 455 1316 sari
469 1248 584 1330 populi
599 1247 765 1330 coetibus;
787 1249 844 1318 vel
857 1255 950 1317 certe
974 1269 1110 1318 rursum
1134 1269 1224 1318 novo
1250 1245 1390 1316 caelesti·

388 1385 448 1433 um
464 1365 640 1435 stellarum
660 1366 825 1449 germine,
840 1388 909 1435 non
923 1365 1041 1449 maria,
1065 1365 1124 1436 sed
1149 1372 1261 1435 terras
1282 1364 1391 1434 Vene-

387 1501 460 1550 rem
474 1481 576 1551 aliam
590 1482 750 1565 virginali
764 1482 847 1552 flore
862 1483 1041 1566 praeditam
1056 1482 1266 1566 pullulasse.3

471 1597 525 1668 Sic
540 1597 758 1668 immensum⁴
773 1599 925 1682 procedit
938 1600 974 1668 in
990 1598 1061 1668 dies
1075 1598 1205 1682 opinio;
1228 1598 1275 1668 sic
1297 1597 1390 1667 insu-

386 1713 437 1784 las
451 1715 520 1784 iam
533 1715 714 1798 proximas,
729 1722 765 1785 et
781 1722 883 1786 terrae
898 1716 1102 1799 plusculum,
1133 1714 1391 1798 provintiasque

388 1831 552 1913 plurimas
564 1833 660 1901 fama
674 1837 844 1914 porrecta⁵
858 1840 1080 1915 pervagatur.
1102 1833 1175 1902 Iam
1189 1831 1290 1901 multi
1302 1851 1391 1900 mor·

386 1947 508 2017 talium
522 1949 634 2031 longis
647 1949 835 2032 itineribus,
851 1955 956 2031 atque
970 1949 1140 2019 altissimis
1155 1947 1259 2018 maris
1273 1948 1392 2018 meati-

387 2065 464 2146 bus,
478 2064 522 2135 ad
535 2065 650 2134 saeculi
664 2065 848 2147 specimen
862 2065 1050 2149 gloriosum
1075 2065 1302 2135 confluebant.
1330 2066 1391 2134 Pa-

389 2181 510 2266 phum⁷
524 2203 635 2264 nemo,
652 2181 798 2252 Cnidum
813 2204 924 2266 nemo,
938 2204 978 2252 ac
998 2204 1042 2253 ne
1068 2183 1140 2266 ipsa
1163 2182 1302 2266 quidem
1327 2181 1390 2266 cy-

387 2299 487 2368 thera
501 2298 545 2368 ad
559 2306 778 2382 conspectum
793 2300 874 2370 Deae
889 2301 1033 2370 Veneris
1046 2299 1267 2384 navigabant
1290 2298 1393 2370 Sacra

489 2619 514 2671 ³.
532 2617 601 2671 aliis
613 2619 717 2672 verbis:
734 2619 819 2672 Fama
838 2635 886 2686 per
906 2619 1012 2672 vicinas
1024 2620 1150 2686 regiones
1163 2635 1194 2672 ac
1207 2635 1293 2685 regna
1306 2618 1390 2684 perla-

390 2707 421 2754 ta
434 2706 483 2763 est,
497 2701 581 2753 Deam
594 2701 735 2763 Venerem,
748 2719 829 2768 quam
849 2703 940 2769 glauci
958 2703 1041 2756 maris
1060 2703 1232 2769 profunditas
1251 2705 1391 2768 pepererat

391 2811 422 2820 -
437 2799 497 2850 quae
510 2790 576 2837 nata
590 2785 674 2838 estin
688 2786 831 2851 profundis
844 2786 952 2839 caerulei
965 2786 1054 2852 pelagi
1073 2817 1099 2826 -
1118 2791 1146 2838 et
1167 2784 1311 2851 aspergine
1332 2799 1391 2850 spu-

392 2869 526 2920 mantium
540 2867 673 2920 undarum
695 2875 753 2922 erat
775 2869 896 2931 educata,
918 2885 967 2922 sua
988 2869 1140 2922 Divinitate
1160 2869 1343 2935 permittente,
1361 2866 1388 2918 in

393 2950 482 3002 medio
495 2951 593 3016 populo
606 2952 717 3013 versari,
730 2953 885 3018 apparuisse
906 2953 979 3004 inter
1000 2952 1125 3005 homines
1137 2952 1280 3013 mortales;
1297 2951 1350 3012 vel,
1367 2949 1391 3002 si

392 3033 443 3086 hoc
457 3049 521 3094 non,
534 3039 607 3086 certe
620 3051 636 3086 e
648 3035 787 3087 stellarum
801 3035 952 3088 coelastium
965 3035 1056 3101 stirpe,
1079 3035 1133 3088 iarn
1155 3050 1211 3086 non
1232 3034 1326 3095 maria,
1344 3033 1391 3086 sed

391 3121 492 3168 terram
505 3117 687 3182 procreavisse
700 3118 782 3170 aliam
795 3118 936 3180 Venerem,
949 3135 982 3170 ex
996 3117 1061 3171 flore
1082 3119 1220 3184 virginali,
1242 3117 1289 3184 qui
1310 3123 1390 3170 terrae

392 3214 542 3261 concessus,
556 3200 643 3262 datus,
657 3207 723 3254 erat.
744 3229 778 3237 -
800 3199 967 3263 Pullulare,
984 3203 1098 3268 proprie,
1120 3202 1208 3268 pullos
1229 3201 1391 3267 producere;

391 3288 458 3344 tum,
471 3283 632 3348 germinare,
653 3283 751 3346 berbae,
773 3285 888 3347 arbores,
911 3285 997 3347 flores,
1017 3286 1171 3351 pullulant;
1188 3286 1263 3346 item,
1280 3289 1319 3346 ut,
1337 3283 1390 3344 bic,

391 3372 465 3419 terra
485 3366 601 3430 pullulat
627 3366 730 3430 herbas,
752 3368 839 3430 flores,
861 3369 982 3431 arbores;
1000 3369 1071 3420 idem
1097 3369 1130 3421 de
1155 3368 1326 3429 animalibus,
1355 3365 1393 3432 gi.

393 3454 493 3515 gnnnt,
506 3455 646 3515 generant,
660 3451 819 3516 gignuntur,
832 3457 1006 3518 generantur,
1019 3453 1137 3517 pariunt,
1151 3457 1308 3504 nascuntur.

492 3533 517 3585 4.
534 3531 571 3584 In
591 3534 754 3587 immensum
774 3535 914 3601 (spatium,
927 3536 1061 3599 modum),
1074 3541 1245 3602 propagatur,
1267 3532 1393 3587 diffundi·

392 3621 445 3678 tur,
459 3616 603 3682 divagatur
614 3617 698 3679 fama,
711 3634 809 3680 rumor,
823 3619 896 3671 unde
907 3618 1008 3686 opinio
1025 3617 1155 3686 publicu.

493 3699 518 3751 5.
535 3699 674 3762 Protensa,
689 3707 809 3763 extensa,
823 3708 912 3755 aucta.

492 3783 517 3834 6.
534 3783 695 3836 Miraculum
709 3786 767 3838 eius
780 3787 878 3838 atatis.

493 3867 518 3920 7.
535 3867 606 3921 Urbs
619 3868 648 3920 in
662 3869 751 3922 insula
765 3870 861 3936 Cypro,
873 3870 974 3923 Veneri
988 3886 1071 3931 sacra,
1085 3871 1131 3923 ubi
1145 3872 1250 3924 celebre
1263 3871 1320 3923 eius
1329 3876 1394 3922 tern-

393 3951 468 4016 plum
482 3951 618 4014 exstabat:
637 3952 715 4004 modo
729 3951 823 4018 Boffo.
839 3981 866 3989 -
883 3953 953 4007 Urbs
967 3954 995 4005 in
1010 3954 1096 4015 Caria,
1114 3954 1296 4006 memorabilis
1308 3954 1342 4006 ob
1355 3953 1395 4004 in·

393 4035 499 4100 signem
513 4040 632 4087 statuam
645 4035 766 4098 Veneris,
780 4035 814 4089 ab
827 4037 885 4102 ipso
898 4037 1034 4090 Praxitele
1046 4037 1163 4100 factam
1181 4038 1259 4089 modo
1288 4033 1391 4090 cnido.

393 4145 426 4154 -
442 4115 582 4182 Cythera,
603 4133 708 4182 orum,
724 4120 754 4170 in
768 4119 835 4172 llari
848 4117 954 4186 AEgaeo,
968 4120 1002 4172 ob
1015 4120 1151 4186 insignem
1165 4121 1277 4173 Veneris
1290 4121 1393 4174 cultum

394 4201 517 4262 celebria,
532 4201 603 4254 unde
615 4208 643 4254 et
655 4203 714 4268 ipsa
726 4203 818 4256 Venus
830 4203 965 4269 Cytherea
977 4205 1169 4270 appellabatru.
