<?xml version="1.0" encoding="UTF-8"?>
<!DOCTYPE html PUBLIC "-//W3C//DTD XHTML 1.0 Transitional//EN"
    "http://www.w3.org/TR/xhtml1/DTD/xhtml1-transitional.dtd">
<html xmlns="http://www.w3.org/1999/xhtml" xml:lang="en" lang="en">
 <head>
  <title>
</title>
<meta http-equiv="Content-Type" content="text/html;charset=utf-8" />
  <meta name='ocr-system' content='tesseract 3.04.00' />
  <meta name='ocr-capabilities' content='ocr_page ocr_carea ocr_par ocr_line ocrx_word'/>
</head>
<body>
  <div class='ocr_page' id='page_1' title='image "./fabuldivalesexn00apulgoog_0131.png"; bbox 0 0 3554 5156; ppageno 0'>
   <div class='ocr_carea' id='block_1_1' title="bbox 409 919 1030 994">
    <p class='ocr_par' dir='ltr' id='par_1_1' title="bbox 409 919 1030 994">
     <span class='ocr_line' id='line_1_1' title="bbox 409 919 1030 994; baseline 0.008 -4"><span class='ocrx_word' id='word_1_1' title='bbox 409 919 1030 994; x_wconf 74' lang='lat' dir='ltr'><strong>120-101onm</strong></span> 
     </span>
    </p>
   </div>
   <div class='ocr_carea' id='block_1_2' title="bbox 398 1105 1405 3772">
    <p class='ocr_par' dir='ltr' id='par_1_2' title="bbox 404 1105 1405 2119">
     <span class='ocr_line' id='line_1_2' title="bbox 490 1105 1405 1179; baseline 0.003 -4"><span class='ocrx_word' id='word_1_2' title='bbox 490 1105 573 1176; x_wconf 80' lang='lat' dir='ltr'><strong>Post</strong></span> <span class='ocrx_word' id='word_1_3' title='bbox 601 1105 681 1176; x_wconf 82' lang='lat' dir='ltr'><strong>solis</strong></span> <span class='ocrx_word' id='word_1_4' title='bbox 708 1127 866 1177; x_wconf 86' lang='lat' dir='ltr'><strong>oocasam</strong></span> <span class='ocrx_word' id='word_1_5' title='bbox 893 1107 1022 1177; x_wconf 69' lang='lat' dir='ltr'><strong>frutrm</strong></span> <span class='ocrx_word' id='word_1_6' title='bbox 1048 1113 1229 1178; x_wconf 81' lang='lat' dir='ltr'><strong>venerunt.</strong></span> <span class='ocrx_word' id='word_1_7' title='bbox 1264 1105 1405 1179; x_wconf 80' lang='lat' dir='ltr'><strong>Silentia</strong></span> 
     </span>
     <span class='ocr_line' id='line_1_3' title="bbox 406 1223 1404 1308; baseline 0.001 -12"><span class='ocrx_word' id='word_1_8' title='bbox 406 1223 508 1296; x_wconf 81' lang='lat' dir='ltr'><strong>Elisae</strong></span> <span class='ocrx_word' id='word_1_9' title='bbox 521 1245 591 1295; x_wconf 91' lang='lat' dir='ltr'><strong>non</strong></span> <span class='ocrx_word' id='word_1_10' title='bbox 605 1245 729 1308; x_wconf 82' lang='lat' dir='ltr'><strong>parum</strong></span> <span class='ocrx_word' id='word_1_11' title='bbox 742 1223 916 1308; x_wconf 82' lang='lat' dir='ltr'><strong>perterriti</strong></span> <span class='ocrx_word' id='word_1_12' title='bbox 929 1231 1021 1308; x_wconf 89' lang='lat' dir='ltr'><strong>sunt,</strong></span> <span class='ocrx_word' id='word_1_13' title='bbox 1045 1225 1287 1296; x_wconf 82' lang='lat' dir='ltr'><strong>existimabant</strong></span> <span class='ocrx_word' id='word_1_14' title='bbox 1311 1225 1404 1296; x_wconf 91' lang='lat' dir='ltr'><strong>enim</strong></span> 
     </span>
     <span class='ocr_line' id='line_1_4' title="bbox 405 1341 1405 1426; baseline 0.002 -14"><span class='ocrx_word' id='word_1_15' title='bbox 405 1341 439 1412; x_wconf 93' lang='lat' dir='ltr'><strong>id</strong></span> <span class='ocrx_word' id='word_1_16' title='bbox 465 1342 633 1426; x_wconf 76' lang='lat' dir='ltr'><strong>originem</strong></span> <span class='ocrx_word' id='word_1_17' title='bbox 647 1341 779 1413; x_wconf 85' lang='lat' dir='ltr'><strong>debere</strong></span> <span class='ocrx_word' id='word_1_18' title='bbox 802 1342 1057 1413; x_wconf 78' lang='lat' dir='ltr'><strong>inoentamento</strong></span> <span class='ocrx_word' id='word_1_19' title='bbox 1080 1363 1102 1412; x_wconf 91' lang='lat' dir='ltr'><strong>a</strong></span> <span class='ocrx_word' id='word_1_20' title='bbox 1130 1364 1280 1414; x_wconf 84' lang='lat' dir='ltr'><strong>noverca</strong></span> <span class='ocrx_word' id='word_1_21' title='bbox 1299 1343 1405 1425; x_wconf 77' lang='lat' dir='ltr'><strong>impie</strong></span> 
     </span>
     <span class='ocr_line' id='line_1_5' title="bbox 404 1459 1403 1545; baseline 0.002 -15"><span class='ocrx_word' id='word_1_22' title='bbox 404 1460 473 1530; x_wconf 88' lang='lat' dir='ltr'><strong>iam</strong></span> <span class='ocrx_word' id='word_1_23' title='bbox 487 1467 590 1530; x_wconf 86' lang='lat' dir='ltr'><strong>antea</strong></span> <span class='ocrx_word' id='word_1_24' title='bbox 603 1459 713 1542; x_wconf 88' lang='lat' dir='ltr'><strong>edito;</strong></span> <span class='ocrx_word' id='word_1_25' title='bbox 734 1466 972 1530; x_wconf 84' lang='lat' dir='ltr'><strong>verumtamen</strong></span> <span class='ocrx_word' id='word_1_26' title='bbox 985 1459 1069 1529; x_wconf 82' lang='lat' dir='ltr'><strong>visis</strong></span> <span class='ocrx_word' id='word_1_27' title='bbox 1081 1459 1155 1530; x_wconf 86' lang='lat' dir='ltr'><strong>eius</strong></span> <span class='ocrx_word' id='word_1_28' title='bbox 1170 1459 1327 1531; x_wconf 65' lang='lat' dir='ltr'><strong>manibus</strong></span> <span class='ocrx_word' id='word_1_29' title='bbox 1341 1482 1403 1545; x_wconf 80' lang='lat' dir='ltr'><strong>pu-</strong></span> 
     </span>
     <span class='ocr_line' id='line_1_6' title="bbox 405 1577 1405 1662; baseline 0.001 -15"><span class='ocrx_word' id='word_1_30' title='bbox 405 1577 551 1660; x_wconf 82' lang='lat' dir='ltr'><strong>stulatis,</strong></span> <span class='ocrx_word' id='word_1_31' title='bbox 566 1584 748 1648; x_wconf 87' lang='lat' dir='ltr'><strong>senserunt</strong></span> <span class='ocrx_word' id='word_1_32' title='bbox 761 1597 912 1648; x_wconf 89' lang='lat' dir='ltr'><strong>sororem</strong></span> <span class='ocrx_word' id='word_1_33' title='bbox 927 1578 1020 1660; x_wconf 82' lang='lat' dir='ltr'><strong>operi</strong></span> <span class='ocrx_word' id='word_1_34' title='bbox 1034 1599 1109 1648; x_wconf 82' lang='lat' dir='ltr'><strong>esse</strong></span> <span class='ocrx_word' id='word_1_35' title='bbox 1128 1581 1192 1648; x_wconf 75' lang='lat' dir='ltr'><strong>sui</strong></span> <span class='ocrx_word' id='word_1_36' title='bbox 1205 1579 1319 1662; x_wconf 74' lang='lat' dir='ltr'><strong>gratia</strong></span> <span class='ocrx_word' id='word_1_37' title='bbox 1332 1599 1405 1648; x_wconf 88' lang='lat' dir='ltr'><strong>sns-</strong></span> 
     </span>
     <span class='ocr_line' id='line_1_7' title="bbox 404 1695 1404 1779; baseline 0.002 -14"><span class='ocrx_word' id='word_1_38' title='bbox 404 1704 504 1779; x_wconf 78' lang='lat' dir='ltr'><strong>cepto</strong></span> <span class='ocrx_word' id='word_1_39' title='bbox 528 1695 707 1766; x_wconf 77' lang='lat' dir='ltr'><strong>intentam</strong></span> <span class='ocrx_word' id='word_1_40' title='bbox 730 1695 852 1766; x_wconf 80' lang='lat' dir='ltr'><strong>Frater</strong></span> <span class='ocrx_word' id='word_1_41' title='bbox 874 1702 960 1765; x_wconf 87' lang='lat' dir='ltr'><strong>natu</strong></span> <span class='ocrx_word' id='word_1_42' title='bbox 985 1695 1148 1767; x_wconf 86' lang='lat' dir='ltr'><strong>minimus</strong></span> <span class='ocrx_word' id='word_1_43' title='bbox 1168 1695 1204 1767; x_wconf 96' lang='lat' dir='ltr'><strong>in</strong></span> <span class='ocrx_word' id='word_1_44' title='bbox 1218 1695 1339 1767; x_wconf 85' lang='lat' dir='ltr'><strong>fletum</strong></span> <span class='ocrx_word' id='word_1_45' title='bbox 1352 1717 1404 1767; x_wconf 89' lang='lat' dir='ltr'><strong>so-</strong></span> 
     </span>
     <span class='ocr_line' id='line_1_8' title="bbox 405 1813 1405 1896; baseline 0 -12"><span class='ocrx_word' id='word_1_46' title='bbox 405 1814 500 1884; x_wconf 86' lang='lat' dir='ltr'><strong>lutus</strong></span> <span class='ocrx_word' id='word_1_47' title='bbox 512 1820 574 1896; x_wconf 80' lang='lat' dir='ltr'><strong>eet,</strong></span> <span class='ocrx_word' id='word_1_48' title='bbox 589 1833 698 1896; x_wconf 88' lang='lat' dir='ltr'><strong>quum</strong></span> <span class='ocrx_word' id='word_1_49' title='bbox 712 1833 795 1882; x_wconf 88' lang='lat' dir='ltr'><strong>vero</strong></span> <span class='ocrx_word' id='word_1_50' title='bbox 809 1813 968 1896; x_wconf 86' lang='lat' dir='ltr'><strong>lacrymae</strong></span> <span class='ocrx_word' id='word_1_51' title='bbox 979 1833 1053 1883; x_wconf 83' lang='lat' dir='ltr'><strong>suae</strong></span> <span class='ocrx_word' id='word_1_52' title='bbox 1067 1813 1141 1883; x_wconf 86' lang='lat' dir='ltr'><strong>eius</strong></span> <span class='ocrx_word' id='word_1_53' title='bbox 1153 1813 1312 1884; x_wconf 89' lang='lat' dir='ltr'><strong>manibus</strong></span> <span class='ocrx_word' id='word_1_54' title='bbox 1324 1814 1405 1884; x_wconf 88' lang='lat' dir='ltr'><strong>inci·</strong></span> 
     </span>
     <span class='ocr_line' id='line_1_9' title="bbox 404 1929 1405 2014; baseline 0 -12"><span class='ocrx_word' id='word_1_55' title='bbox 404 1930 544 2013; x_wconf 76' lang='lat' dir='ltr'><strong>dissent,</strong></span> <span class='ocrx_word' id='word_1_56' title='bbox 573 1929 664 2000; x_wconf 82' lang='lat' dir='ltr'><strong>Elisa</strong></span> <span class='ocrx_word' id='word_1_57' title='bbox 692 1929 808 2000; x_wconf 89' lang='lat' dir='ltr'><strong>dolore</strong></span> <span class='ocrx_word' id='word_1_58' title='bbox 837 1929 1017 2001; x_wconf 84' lang='lat' dir='ltr'><strong>levabatur</strong></span> <span class='ocrx_word' id='word_1_59' title='bbox 1040 1965 1081 1976; x_wconf 90' lang='lat'>-</span> <span class='ocrx_word' id='word_1_60' title='bbox 1106 1931 1254 2014; x_wconf 77' lang='lat' dir='ltr'><strong>pusmlae</strong></span> <span class='ocrx_word' id='word_1_61' title='bbox 1276 1953 1405 2003; x_wconf 88' lang='lat' dir='ltr'><strong>evanu-</strong></span> 
     </span>
     <span class='ocr_line' id='line_1_10' title="bbox 404 2054 518 2119; baseline -0.009 0"><span class='ocrx_word' id='word_1_62' title='bbox 404 2054 518 2119; x_wconf 86' lang='lat' dir='ltr'><strong>erunt</strong></span> 
     </span>
    </p>

    <p class='ocr_par' dir='ltr' id='par_1_3' title="bbox 402 2164 1405 2836">
     <span class='ocr_line' id='line_1_11' title="bbox 489 2164 1403 2252; baseline 0.003 -17"><span class='ocrx_word' id='word_1_63' title='bbox 489 2164 567 2248; x_wconf 83' lang='lat' dir='ltr'><strong>Ipsa</strong></span> <span class='ocrx_word' id='word_1_64' title='bbox 581 2171 691 2235; x_wconf 86' lang='lat' dir='ltr'><strong>totam</strong></span> <span class='ocrx_word' id='word_1_65' title='bbox 704 2171 838 2234; x_wconf 89' lang='lat' dir='ltr'><strong>noctem</strong></span> <span class='ocrx_word' id='word_1_66' title='bbox 864 2165 978 2235; x_wconf 87' lang='lat' dir='ltr'><strong>labore</strong></span> <span class='ocrx_word' id='word_1_67' title='bbox 1004 2166 1128 2250; x_wconf 76' lang='lat' dir='ltr'><strong>exegit,</strong></span> <span class='ocrx_word' id='word_1_68' title='bbox 1140 2187 1209 2237; x_wconf 90' lang='lat' dir='ltr'><strong>non</strong></span> <span class='ocrx_word' id='word_1_69' title='bbox 1224 2167 1315 2236; x_wconf 91' lang='lat' dir='ltr'><strong>enim</strong></span> <span class='ocrx_word' id='word_1_70' title='bbox 1330 2167 1403 2252; x_wconf 86' lang='lat' dir='ltr'><strong>qui·</strong></span> 
     </span>
     <span class='ocr_line' id='line_1_12' title="bbox 404 2280 1405 2364; baseline 0.002 -12"><span class='ocrx_word' id='word_1_71' title='bbox 404 2281 452 2352; x_wconf 88' lang='lat' dir='ltr'><strong>eti</strong></span> <span class='ocrx_word' id='word_1_72' title='bbox 467 2283 580 2352; x_wconf 92' lang='lat' dir='ltr'><strong>locum</strong></span> <span class='ocrx_word' id='word_1_73' title='bbox 595 2280 785 2352; x_wconf 88' lang='lat' dir='ltr'><strong>cedendum</strong></span> <span class='ocrx_word' id='word_1_74' title='bbox 799 2280 1026 2364; x_wconf 84' lang='lat' dir='ltr'><strong>existimabat,</strong></span> <span class='ocrx_word' id='word_1_75' title='bbox 1041 2281 1147 2353; x_wconf 88' lang='lat' dir='ltr'><strong>donec</strong></span> <span class='ocrx_word' id='word_1_76' title='bbox 1171 2283 1299 2354; x_wconf 78' lang='lat' dir='ltr'><strong>iratres</strong></span> <span class='ocrx_word' id='word_1_77' title='bbox 1324 2283 1405 2354; x_wconf 90' lang='lat' dir='ltr'><strong>libe·</strong></span> 
     </span>
     <span class='ocr_line' id='line_1_13' title="bbox 404 2396 1403 2481; baseline 0.004 -13"><span class='ocrx_word' id='word_1_78' title='bbox 404 2404 522 2469; x_wconf 86' lang='lat' dir='ltr'><strong>rasset.</strong></span> <span class='ocrx_word' id='word_1_79' title='bbox 549 2396 695 2468; x_wconf 87' lang='lat' dir='ltr'><strong>Perinde</strong></span> <span class='ocrx_word' id='word_1_80' title='bbox 720 2405 834 2467; x_wconf 90' lang='lat' dir='ltr'><strong>totum</strong></span> <span class='ocrx_word' id='word_1_81' title='bbox 857 2397 947 2468; x_wconf 90' lang='lat' dir='ltr'><strong>diem</strong></span> <span class='ocrx_word' id='word_1_82' title='bbox 959 2405 1135 2481; x_wconf 83' lang='lat' dir='ltr'><strong>posterum</strong></span> <span class='ocrx_word' id='word_1_83' title='bbox 1160 2399 1196 2470; x_wconf 95' lang='lat' dir='ltr'><strong>in</strong></span> <span class='ocrx_word' id='word_1_84' title='bbox 1220 2399 1403 2472; x_wconf 77' lang='lat' dir='ltr'><strong>solitudine</strong></span> 
     </span>
     <span class='ocr_line' id='line_1_14' title="bbox 403 2513 1403 2600; baseline 0.002 -15"><span class='ocrx_word' id='word_1_85' title='bbox 403 2514 562 2586; x_wconf 88' lang='lat' dir='ltr'><strong>laborans</strong></span> <span class='ocrx_word' id='word_1_86' title='bbox 576 2513 713 2598; x_wconf 76' lang='lat' dir='ltr'><strong>agebat,</strong></span> <span class='ocrx_word' id='word_1_87' title='bbox 727 2514 818 2599; x_wconf 85' lang='lat' dir='ltr'><strong>quod</strong></span> <span class='ocrx_word' id='word_1_88' title='bbox 833 2514 953 2586; x_wconf 89' lang='lat' dir='ltr'><strong>Olores</strong></span> <span class='ocrx_word' id='word_1_89' title='bbox 965 2516 1148 2587; x_wconf 85' lang='lat' dir='ltr'><strong>avolanmt</strong></span> <span class='ocrx_word' id='word_1_90' title='bbox 1156 2538 1165 2598; x_wconf 92' lang='lat'>;</span> <span class='ocrx_word' id='word_1_91' title='bbox 1195 2524 1333 2600; x_wconf 80' lang='lat' dir='ltr'><strong>tempus</strong></span> <span class='ocrx_word' id='word_1_92' title='bbox 1353 2524 1403 2587; x_wconf 89' lang='lat' dir='ltr'><strong>ta·</strong></span> 
     </span>
     <span class='ocr_line' id='line_1_15' title="bbox 402 2632 1404 2716; baseline 0.002 -13"><span class='ocrx_word' id='word_1_93' title='bbox 402 2653 482 2703; x_wconf 88' lang='lat' dir='ltr'><strong>men</strong></span> <span class='ocrx_word' id='word_1_94' title='bbox 497 2653 676 2716; x_wconf 87' lang='lat' dir='ltr'><strong>nunquam</strong></span> <span class='ocrx_word' id='word_1_95' title='bbox 689 2639 762 2703; x_wconf 89' lang='lat' dir='ltr'><strong>tam</strong></span> <span class='ocrx_word' id='word_1_96' title='bbox 775 2632 930 2703; x_wconf 87' lang='lat' dir='ltr'><strong>celeriter</strong></span> <span class='ocrx_word' id='word_1_97' title='bbox 943 2633 1142 2716; x_wconf 84' lang='lat' dir='ltr'><strong>praeterivit</strong></span> <span class='ocrx_word' id='word_1_98' title='bbox 1164 2633 1236 2704; x_wconf 87' lang='lat' dir='ltr'><strong>Iam</strong></span> <span class='ocrx_word' id='word_1_99' title='bbox 1258 2655 1329 2704; x_wconf 89' lang='lat' dir='ltr'><strong>una</strong></span> <span class='ocrx_word' id='word_1_100' title='bbox 1347 2657 1404 2705; x_wconf 84' lang='lat' dir='ltr'><strong>eu-</strong></span> 
     </span>
     <span class='ocr_line' id='line_1_16' title="bbox 402 2749 1331 2836; baseline 0.001 -15"><span class='ocrx_word' id='word_1_101' title='bbox 402 2751 529 2823; x_wconf 85' lang='lat' dir='ltr'><strong>bucula</strong></span> <span class='ocrx_word' id='word_1_102' title='bbox 545 2749 643 2820; x_wconf 84' lang='lat' dir='ltr'><strong>finita</strong></span> <span class='ocrx_word' id='word_1_103' title='bbox 655 2750 836 2835; x_wconf 81' lang='lat' dir='ltr'><strong>pendebat,</strong></span> <span class='ocrx_word' id='word_1_104' title='bbox 851 2751 1025 2821; x_wconf 88' lang='lat' dir='ltr'><strong>nunciam</strong></span> <span class='ocrx_word' id='word_1_105' title='bbox 1039 2751 1183 2821; x_wconf 88' lang='lat' dir='ltr'><strong>alteram</strong></span> <span class='ocrx_word' id='word_1_106' title='bbox 1196 2751 1331 2836; x_wconf 85' lang='lat' dir='ltr'><strong>incepit</strong></span> 
     </span>
    </p>

    <p class='ocr_par' dir='ltr' id='par_1_4' title="bbox 401 2867 1405 3526">
     <span class='ocr_line' id='line_1_17' title="bbox 486 2867 1402 2940; baseline 0 0"><span class='ocrx_word' id='word_1_107' title='bbox 486 2867 606 2940; x_wconf 89' lang='lat' dir='ltr'><strong>Subito</strong></span> <span class='ocrx_word' id='word_1_108' title='bbox 631 2889 737 2938; x_wconf 91' lang='lat' dir='ltr'><strong>cornu</strong></span> <span class='ocrx_word' id='word_1_109' title='bbox 763 2867 958 2940; x_wconf 87' lang='lat' dir='ltr'><strong>venaticum</strong></span> <span class='ocrx_word' id='word_1_110' title='bbox 982 2867 1018 2937; x_wconf 93' lang='lat' dir='ltr'><strong>in</strong></span> <span class='ocrx_word' id='word_1_111' title='bbox 1042 2869 1188 2940; x_wconf 87' lang='lat' dir='ltr'><strong>vallibus</strong></span> <span class='ocrx_word' id='word_1_112' title='bbox 1212 2869 1402 2940; x_wconf 85' lang='lat' dir='ltr'><strong>resonabat</strong></span> 
     </span>
     <span class='ocr_line' id='line_1_18' title="bbox 403 2983 1403 3070; baseline 0 -14"><span class='ocrx_word' id='word_1_113' title='bbox 403 2983 494 3056; x_wconf 84' lang='lat' dir='ltr'><strong>Elisa</strong></span> <span class='ocrx_word' id='word_1_114' title='bbox 515 2985 702 3055; x_wconf 85' lang='lat' dir='ltr'><strong>conterrita</strong></span> <span class='ocrx_word' id='word_1_115' title='bbox 723 2991 786 3056; x_wconf 86' lang='lat' dir='ltr'><strong>est.</strong></span> <span class='ocrx_word' id='word_1_116' title='bbox 812 2983 924 3056; x_wconf 89' lang='lat' dir='ltr'><strong>Sonus</strong></span> <span class='ocrx_word' id='word_1_117' title='bbox 947 2984 1072 3055; x_wconf 85' lang='lat' dir='ltr'><strong>sensim</strong></span> <span class='ocrx_word' id='word_1_118' title='bbox 1090 2986 1403 3070; x_wconf 78' lang='lat' dir='ltr'><strong>appropinquabat;</strong></span> 
     </span>
     <span class='ocr_line' id='line_1_19' title="bbox 403 3101 1405 3189; baseline 0.002 -17"><span class='ocrx_word' id='word_1_119' title='bbox 403 3123 484 3173; x_wconf 87' lang='lat' dir='ltr'><strong>mox</strong></span> <span class='ocrx_word' id='word_1_120' title='bbox 509 3109 545 3174; x_wconf 91' lang='lat' dir='ltr'><strong>et</strong></span> <span class='ocrx_word' id='word_1_121' title='bbox 564 3107 745 3184; x_wconf 75' lang='lat' dir='ltr'><strong>vertagos¹⁴</strong></span> <span class='ocrx_word' id='word_1_122' title='bbox 767 3103 933 3172; x_wconf 87' lang='lat' dir='ltr'><strong>latrantes</strong></span> <span class='ocrx_word' id='word_1_123' title='bbox 957 3101 1142 3174; x_wconf 82' lang='lat' dir='ltr'><strong>exaudivit</strong></span> <span class='ocrx_word' id='word_1_124' title='bbox 1164 3103 1309 3175; x_wconf 86' lang='lat' dir='ltr'><strong>Terrore</strong></span> <span class='ocrx_word' id='word_1_125' title='bbox 1330 3125 1405 3189; x_wconf 86' lang='lat' dir='ltr'><strong>per·</strong></span> 
     </span>
     <span class='ocr_line' id='line_1_20' title="bbox 401 3219 1404 3304; baseline 0.002 -14"><span class='ocrx_word' id='word_1_126' title='bbox 401 3221 496 3290; x_wconf 87' lang='lat' dir='ltr'><strong>culsa</strong></span> <span class='ocrx_word' id='word_1_127' title='bbox 509 3219 601 3291; x_wconf 87' lang='lat' dir='ltr'><strong>Elisa</strong></span> <span class='ocrx_word' id='word_1_128' title='bbox 615 3221 651 3290; x_wconf 92' lang='lat' dir='ltr'><strong>in</strong></span> <span class='ocrx_word' id='word_1_129' title='bbox 664 3219 853 3304; x_wconf 84' lang='lat' dir='ltr'><strong>penetralia</strong></span> <span class='ocrx_word' id='word_1_130' title='bbox 865 3219 957 3290; x_wconf 89' lang='lat' dir='ltr'><strong>antri</strong></span> <span class='ocrx_word' id='word_1_131' title='bbox 969 3220 1136 3304; x_wconf 75' lang='lat' dir='ltr'><strong>confugit,</strong></span> <span class='ocrx_word' id='word_1_132' title='bbox 1152 3221 1270 3292; x_wconf 86' lang='lat' dir='ltr'><strong>urticis</strong></span> <span class='ocrx_word' id='word_1_133' title='bbox 1283 3221 1320 3292; x_wconf 95' lang='lat' dir='ltr'><strong>in</strong></span> <span class='ocrx_word' id='word_1_134' title='bbox 1333 3243 1404 3292; x_wconf 90' lang='lat' dir='ltr'><strong>ma·</strong></span> 
     </span>
     <span class='ocr_line' id='line_1_21' title="bbox 402 3335 1403 3422; baseline 0.002 -16"><span class='ocrx_word' id='word_1_135' title='bbox 402 3335 537 3422; x_wconf 80' lang='lat' dir='ltr'><strong>nipulos</strong></span> <span class='ocrx_word' id='word_1_136' title='bbox 550 3337 716 3422; x_wconf 76' lang='lat' dir='ltr'><strong>colligatis</strong></span> <span class='ocrx_word' id='word_1_137' title='bbox 730 3344 766 3407; x_wconf 89' lang='lat' dir='ltr'><strong>et</strong></span> <span class='ocrx_word' id='word_1_138' title='bbox 782 3336 1014 3420; x_wconf 77' lang='lat' dir='ltr'><strong>carminatis,¹⁵</strong></span> <span class='ocrx_word' id='word_1_139' title='bbox 1034 3337 1160 3420; x_wconf 88' lang='lat' dir='ltr'><strong>quibus</strong></span> <span class='ocrx_word' id='word_1_140' title='bbox 1184 3336 1263 3408; x_wconf 87' lang='lat' dir='ltr'><strong>dein</strong></span> <span class='ocrx_word' id='word_1_141' title='bbox 1287 3357 1403 3422; x_wconf 82' lang='lat' dir='ltr'><strong>super·</strong></span> 
     </span>
     <span class='ocr_line' id='line_1_22' title="bbox 401 3453 536 3526; baseline 0.007 -2"><span class='ocrx_word' id='word_1_142' title='bbox 401 3453 536 3526; x_wconf 81' lang='lat' dir='ltr'><strong>insedit.</strong></span> 
     </span>
    </p>

    <p class='ocr_par' dir='ltr' id='par_1_5' title="bbox 398 3571 1403 3772">
     <span class='ocr_line' id='line_1_23' title="bbox 485 3571 1403 3656; baseline 0.002 -14"><span class='ocrx_word' id='word_1_143' title='bbox 485 3571 615 3642; x_wconf 80' lang='lat' dir='ltr'><strong>Eodem</strong></span> <span class='ocrx_word' id='word_1_144' title='bbox 630 3579 758 3656; x_wconf 86' lang='lat' dir='ltr'><strong>puncto</strong></span> <span class='ocrx_word' id='word_1_145' title='bbox 778 3573 942 3656; x_wconf 87' lang='lat' dir='ltr'><strong>temporis</strong></span> <span class='ocrx_word' id='word_1_146' title='bbox 964 3579 1132 3656; x_wconf 78' lang='lat' dir='ltr'><strong>vertagus</strong></span> <span class='ocrx_word' id='word_1_147' title='bbox 1156 3573 1278 3656; x_wconf 76' lang='lat' dir='ltr'><strong>ingens</strong></span> <span class='ocrx_word' id='word_1_148' title='bbox 1300 3593 1320 3644; x_wconf 91' lang='lat' dir='ltr'><strong>e</strong></span> <span class='ocrx_word' id='word_1_149' title='bbox 1340 3572 1403 3644; x_wconf 92' lang='lat' dir='ltr'><strong>du·</strong></span> 
     </span>
     <span class='ocr_line' id='line_1_24' title="bbox 398 3689 1399 3772; baseline 0.002 -13"><span class='ocrx_word' id='word_1_150' title='bbox 398 3697 490 3759; x_wconf 88' lang='lat' dir='ltr'><strong>meto</strong></span> <span class='ocrx_word' id='word_1_151' title='bbox 515 3689 668 3772; x_wconf 84' lang='lat' dir='ltr'><strong>prosiliit,</strong></span> <span class='ocrx_word' id='word_1_152' title='bbox 694 3689 828 3761; x_wconf 87' lang='lat' dir='ltr'><strong>duobus</strong></span> <span class='ocrx_word' id='word_1_153' title='bbox 855 3689 929 3760; x_wconf 88' lang='lat' dir='ltr'><strong>aliis</strong></span> <span class='ocrx_word' id='word_1_154' title='bbox 956 3689 1208 3761; x_wconf 77' lang='lat' dir='ltr'><strong>comitantibus.</strong></span> <span class='ocrx_word' id='word_1_155' title='bbox 1240 3689 1285 3761; x_wconf 87' lang='lat' dir='ltr'><strong>Hi</strong></span> <span class='ocrx_word' id='word_1_156' title='bbox 1307 3711 1399 3761; x_wconf 89' lang='lat' dir='ltr'><strong>saeve</strong></span> 
     </span>
    </p>
   </div>
   <div class='ocr_carea' id='block_1_3' title="bbox 400 3923 1401 4242">
    <p class='ocr_par' dir='ltr' id='par_1_6' title="bbox 503 3923 868 3978">
     <span class='ocr_line' id='line_1_25' title="bbox 503 3923 868 3978; baseline 0.003 -1"><span class='ocrx_word' id='word_1_157' title='bbox 503 3925 543 3978; x_wconf 80' lang='lat'><strong>1⁴.</strong></span> <span class='ocrx_word' id='word_1_158' title='bbox 560 3923 631 3978; x_wconf 87' lang='lat' dir='ltr'><strong>Sunt</strong></span> <span class='ocrx_word' id='word_1_159' title='bbox 644 3939 726 3978; x_wconf 83' lang='lat' dir='ltr'><strong>cenes</strong></span> <span class='ocrx_word' id='word_1_160' title='bbox 738 3924 868 3978; x_wconf 83' lang='lat' dir='ltr'><strong>venatici.</strong></span> 
     </span>
    </p>

    <p class='ocr_par' dir='ltr' id='par_1_7' title="bbox 400 4005 1401 4242">
     <span class='ocr_line' id='line_1_26' title="bbox 501 4005 1401 4070; baseline 0.001 -11"><span class='ocrx_word' id='word_1_161' title='bbox 501 4007 541 4060; x_wconf 89' lang='grc'><strong>15.</strong></span> <span class='ocrx_word' id='word_1_162' title='bbox 561 4005 712 4070; x_wconf 77' lang='lat' dir='ltr'><strong>Carmine,</strong></span> <span class='ocrx_word' id='word_1_163' title='bbox 728 4007 841 4060; x_wconf 85' lang='lat' dir='ltr'><strong>verbum</strong></span> <span class='ocrx_word' id='word_1_164' title='bbox 854 4007 960 4070; x_wconf 72' lang='lat' dir='ltr'><strong>Primae,</strong></span> <span class='ocrx_word' id='word_1_165' title='bbox 973 4007 1073 4061; x_wconf 86' lang='lat' dir='ltr'><strong>dicitur</strong></span> <span class='ocrx_word' id='word_1_166' title='bbox 1085 4007 1119 4060; x_wconf 89' lang='lat' dir='ltr'><strong>de</strong></span> <span class='ocrx_word' id='word_1_167' title='bbox 1132 4013 1195 4061; x_wconf 82' lang='lat' dir='ltr'><strong>ectu</strong></span> <span class='ocrx_word' id='word_1_168' title='bbox 1216 4007 1281 4062; x_wconf 79' lang='lat' dir='ltr'><strong>licis</strong></span> <span class='ocrx_word' id='word_1_169' title='bbox 1302 4021 1401 4061; x_wconf 83' lang='lat' dir='ltr'><strong>cenna-</strong></span> 
     </span>
     <span class='ocr_line' id='line_1_27' title="bbox 400 4090 1399 4158; baseline 0 -14"><span class='ocrx_word' id='word_1_170' title='bbox 400 4091 450 4153; x_wconf 83' lang='lat' dir='ltr'><strong>bis,</strong></span> <span class='ocrx_word' id='word_1_171' title='bbox 464 4091 534 4144; x_wconf 82' lang='lat' dir='ltr'><strong>elius</strong></span> <span class='ocrx_word' id='word_1_172' title='bbox 546 4091 677 4158; x_wconf 85' lang='lat' dir='ltr'><strong>cuiusque</strong></span> <span class='ocrx_word' id='word_1_173' title='bbox 689 4091 790 4157; x_wconf 70' lang='lat' dir='ltr'><strong>plantae</strong></span> <span class='ocrx_word' id='word_1_174' title='bbox 803 4091 914 4151; x_wconf 83' lang='lat' dir='ltr'><strong>textilis,</strong></span> <span class='ocrx_word' id='word_1_175' title='bbox 927 4107 975 4156; x_wconf 84' lang='lat' dir='ltr'><strong>per</strong></span> <span class='ocrx_word' id='word_1_176' title='bbox 987 4107 1109 4157; x_wconf 81' lang='lat' dir='ltr'><strong>praenum</strong></span> <span class='ocrx_word' id='word_1_177' title='bbox 1118 4091 1230 4144; x_wconf 88' lang='lat' dir='ltr'><strong>ductare</strong></span> <span class='ocrx_word' id='word_1_178' title='bbox 1242 4096 1271 4144; x_wconf 92' lang='lat' dir='ltr'><strong>et</strong></span> <span class='ocrx_word' id='word_1_179' title='bbox 1283 4090 1322 4144; x_wconf 87' lang='lat' dir='ltr'><strong>sic</strong></span> <span class='ocrx_word' id='word_1_180' title='bbox 1331 4096 1399 4143; x_wconf 75' lang='lat' dir='ltr'><strong>tam</strong></span> 
     </span>
     <span class='ocr_line' id='line_1_28' title="bbox 400 4173 1396 4242; baseline -0.002 -13"><span class='ocrx_word' id='word_1_181' title='bbox 400 4190 482 4242; x_wconf 86' lang='lat' dir='ltr'><strong>quam</strong></span> <span class='ocrx_word' id='word_1_182' title='bbox 495 4175 585 4229; x_wconf 81' lang='lat' dir='ltr'><strong>crines</strong></span> <span class='ocrx_word' id='word_1_183' title='bbox 597 4180 711 4242; x_wconf 82' lang='lat' dir='ltr'><strong>pectere,</strong></span> <span class='ocrx_word' id='word_1_184' title='bbox 725 4189 809 4242; x_wconf 89' lang='lat' dir='ltr'><strong>eoque</strong></span> <span class='ocrx_word' id='word_1_185' title='bbox 828 4175 907 4228; x_wconf 87' lang='lat' dir='ltr'><strong>modo</strong></span> <span class='ocrx_word' id='word_1_186' title='bbox 925 4190 1047 4241; x_wconf 77' lang='lat' dir='ltr'><strong>purgare,</strong></span> <span class='ocrx_word' id='word_1_187' title='bbox 1068 4179 1096 4227; x_wconf 91' lang='lat' dir='ltr'><strong>et</strong></span> <span class='ocrx_word' id='word_1_188' title='bbox 1114 4173 1148 4228; x_wconf 85' lang='lat' dir='ltr'><strong>ad</strong></span> <span class='ocrx_word' id='word_1_189' title='bbox 1161 4175 1281 4228; x_wconf 88' lang='lat' dir='ltr'><strong>nendum</strong></span> <span class='ocrx_word' id='word_1_190' title='bbox 1294 4179 1396 4241; x_wconf 83' lang='lat' dir='ltr'><strong>aptare.</strong></span> 
     </span>
    </p>
   </div>
   <div class='ocr_carea' id='block_1_4' title="bbox 0 0 1782 5156">
    <p class='ocr_par' dir='ltr' id='par_1_8' title="bbox 0 0 1782 5156">
     <span class='ocr_line' id='line_1_29' title="bbox 0 0 1782 5156; baseline 0 2"><span class='ocrx_word' id='word_1_191' title='bbox 0 0 1782 5156; x_wconf 95' lang='lat' dir='ltr'><strong> </strong></span> 
     </span>
    </p>
   </div>
   <div class='ocr_carea' id='block_1_5' title="bbox 1774 0 1779 1268">
    <p class='ocr_par' dir='ltr' id='par_1_9' title="bbox 1774 0 1779 1268">
     <span class='ocr_line' id='line_1_30' title="bbox 1774 0 1779 1268; baseline 0 0"><span class='ocrx_word' id='word_1_192' title='bbox 1774 0 1779 1268; x_wconf 95' lang='lat' dir='ltr'><strong> </strong></span> 
     </span>
    </p>
   </div>
   <div class='ocr_carea' id='block_1_6' title="bbox 1774 0 1780 1268">
    <p class='ocr_par' dir='ltr' id='par_1_10' title="bbox 1774 0 1780 1268">
     <span class='ocr_line' id='line_1_31' title="bbox 1774 0 1780 1268; baseline 0 0"><span class='ocrx_word' id='word_1_193' title='bbox 1774 0 1780 1268; x_wconf 95' lang='lat' dir='ltr'><strong> </strong></span> 
     </span>
    </p>
   </div>
   <div class='ocr_carea' id='block_1_7' title="bbox 1774 0 1780 1268">
    <p class='ocr_par' dir='ltr' id='par_1_11' title="bbox 1774 0 1780 1268">
     <span class='ocr_line' id='line_1_32' title="bbox 1774 0 1780 1268; baseline 0 0"><span class='ocrx_word' id='word_1_194' title='bbox 1774 0 1780 1268; x_wconf 95' lang='lat' dir='ltr'><strong> </strong></span> 
     </span>
    </p>
   </div>
   <div class='ocr_carea' id='block_1_8' title="bbox 1774 0 1780 1268">
    <p class='ocr_par' dir='ltr' id='par_1_12' title="bbox 1774 0 1780 1268">
     <span class='ocr_line' id='line_1_33' title="bbox 1774 0 1780 1268; baseline 0 0"><span class='ocrx_word' id='word_1_195' title='bbox 1774 0 1780 1268; x_wconf 95' lang='lat' dir='ltr'><strong> </strong></span> 
     </span>
    </p>
   </div>
   <div class='ocr_carea' id='block_1_9' title="bbox 1774 0 1780 1268">
    <p class='ocr_par' dir='ltr' id='par_1_13' title="bbox 1774 0 1780 1268">
     <span class='ocr_line' id='line_1_34' title="bbox 1774 0 1780 1268; baseline 0 0"><span class='ocrx_word' id='word_1_196' title='bbox 1774 0 1780 1268; x_wconf 95' lang='lat' dir='ltr'><strong> </strong></span> 
     </span>
    </p>
   </div>
   <div class='ocr_carea' id='block_1_10' title="bbox 1774 0 1780 1268">
    <p class='ocr_par' dir='ltr' id='par_1_14' title="bbox 1774 0 1780 1268">
     <span class='ocr_line' id='line_1_35' title="bbox 1774 0 1780 1268; baseline 0 0"><span class='ocrx_word' id='word_1_197' title='bbox 1774 0 1780 1268; x_wconf 95' lang='lat' dir='ltr'><strong> </strong></span> 
     </span>
    </p>
   </div>
  </div>
 </body>
</html>
