3540 5156
689 944 795 999 amon
814 944 860 1000 rr
880 945 1018 1001 esre·
1293 935 1357 1007 207

355 1111 456 1196 pinae,
482 1109 584 1181 ‘Petit
607 1110 649 1181 de
673 1117 709 1181 te
733 1111 872 1195 Venus’
895 1112 1008 1197 dicito,
1033 1112 1214 1186 ‘modicum
1235 1117 1278 1188 de
1292 1124 1355 1190 tua

355 1229 474 1300 mittas
488 1229 520 1298 ei
534 1227 760 1312 formositate,
784 1230 840 1299 vel
853 1229 897 1300 ad
912 1251 1016 1300 uuam
1041 1232 1163 1302 saltem
1185 1233 1354 1306 dieculam

355 1347 544 1429 sufficiens;
565 1367 647 1417 narn
662 1346 754 1430 quod
768 1347 900 1431 habuit,
914 1347 998 1419 dum
1011 1348 1121 1420 filium
1136 1360 1235 1423 curat
1248 1373 1356 1438 aegro·

354 1471 441 1548 tum,
454 1463 674 1548 consumpsit,
689 1471 793 1548 atque
808 1465 969 1536 contrivit
978 1467 1099 1538 omne?
1110 1467 1176 1539 Sed
1191 1469 1284 1541 haud
1294 1471 1357 1542 im·

355 1583 526 1654 maturius
550 1582 670 1665 redito,
685 1581 766 1666 quia
780 1603 835 1652 me
849 1605 986 1654 necesse
1000 1591 1053 1656 est
1065 1585 1215 1657 indidem
1240 1588 1356 1660 delini·

354 1709 427 1772 tam
440 1701 616 1771 theatrum
630 1700 781 1770 Deonun
794 1700 1047 1784 frequentare?

436 1819 535 1888 'lunc
549 1817 682 1902 Psyche
695 1818 751 1888 vel
765 1817 912 1888 maxime
927 1819 1033 1889 sensit
1047 1820 1186 1892 ultimas
1195 1822 1356 1895 fortunas

353 1955 450 2016 suas3
472 1943 508 2006 et
535 1935 729 2005 velamento
757 1933 892 2017 reiecto,
917 1935 961 2005 ad
986 1945 1183 2021 promptum
1211 1939 1354 2011 exitium

352 2073 427 2124 sese
441 2052 595 2135 compelli
609 2052 792 2122 manifeste
817 2053 991 2137 comperit.
1015 2053 1158 2138 Quidni?
1183 2078 1262 2140 quae
1282 2059 1355 2130 suis

352 2169 497 2254 pedibus
512 2170 603 2239 ultro
617 2168 661 2239 ad
675 2169 869 2252 Tartarum,
894 2169 1091 2255 Manesque,
1117 2172 1275 2244 demeare
1300 2197 1355 2245 co·

352 2295 503 2372 geretur.
518 2286 551 2356 N
553 2308 592 2357 ec
602 2293 739 2356 contata
749 2286 888 2368 diutius,
899 2287 1012 2370 pergit
1023 2289 1219 2372 quampiam
1228 2293 1353 2363 turrim

352 2407 540 2489 praealtam,
554 2402 703 2473 indidem
728 2424 764 2473 se
787 2402 911 2473 datura
932 2404 1158 2488 praecipitem3
1187 2408 1234 2479 sic
1260 2409 1352 2481 enim

351 2525 492 2594 rebatur
506 2520 549 2590 ad
565 2520 699 2590 Interes
712 2527 804 2590 recte
819 2527 924 2602 atque
947 2520 1174 2604 pulcherrime
1196 2545 1232 2594 se
1253 2548 1352 2608 posse

350 2637 564 2710 descendere.
579 2635 646 2707 Sed
660 2636 767 2706 turris
786 2636 978 2720 prorumpit
992 2638 1027 2707 in
1041 2660 1161 2708 vocem
1184 2641 1351 2713 subitam:

433 2753 585 2837 “Ecquid
609 2753 677 2836 te,'’
701 2752 823 2836 inquit,
842 2750 1049 2839 “praecipitio
1069 2755 1200 2826 misella
1225 2759 1352 2841 quaeris

349 2870 570 2955 extinguere?
589 2869 741 2953 quidque
753 2869 822 2939 iam
835 2869 1019 2941 novissimo
1045 2873 1205 2957 periculo,
1230 2876 1353 2947 labori·

349 3011 418 3074 que
432 2989 498 3059 isto
513 2995 642 3058 temere
657 2986 865 3056 succumbis?
886 2987 987 3071 Nam,
1003 2989 1031 3058 si
1046 2989 1187 3073 spiritus
1210 3013 1351 3076 corpore

347 3115 411 3178 tuo
425 3105 530 3176 semel
544 3104 652 3174 tuerit
665 3103 852 3187 seiugatus,
865 3103 930 3174 ibis
944 3105 1093 3190 quidem,
1119 3109 1285 3193 protecto,
1306 3110 1351 3181 ad

348 3223 457 3293 imum
472 3222 667 3302 Tartarum,
682 3220 741 3290 sed
754 3220 834 3291 inde
848 3221 944 3291 nullo
958 3228 1058 3305 pacto
1079 3223 1189 3294 redire
1214 3227 1351 3309 poteris.

348 3339 433 3410 Mihi
454 3338 628 3409 ausculta:
650 3336 882 3420 Lacedaemon,
908 3337 1047 3408 Achaiae
1072 3338 1194 3410 nobilis
1219 3341 1351 3427 civitas,

346 3478 417 3528 non
430 3456 531 3538 longe
546 3455 612 3525 sita
624 3461 687 3524 est.
709 3453 821 3524 Huius
841 3455 1098 3540 conterminam,
1125 3457 1234 3528 deviis
1258 3459 1351 3530 abdi·

346 3579 420 3643 tam
433 3571 526 3654 locis,
539 3591 657 3654 quaere
671 3571 867 3640 Taenarum.
885 3570 972 3641 Inibi
987 3571 1194 3655 spiraculum
1206 3575 1304 3659 Ditis,
1314 3585 1351 3648 et

345 3711 407 3772 per
422 3695 539 3773 portas
551 3687 686 3757 hiantes
701 3695 912 3758 monstratur
937 3687 1003 3758 iter
1028 3689 1171 3774 invium,
1195 3691 1294 3764 cuius
1314 3701 1350 3764 te

344 3805 452 3877 limite
465 3809 685 3885 transmeato,
698 3803 799 3874 simul
812 3805 1030 3888 commiseris,
1050 3805 1118 3876 iam
1139 3809 1288 3878 canali¹⁵⁶
1301 3811 1351 3881 di-

346 3930 442 3993 recto
456 3941 580 4006 perges
594 3919 637 3990 ad
651 3921 759 4005 ipsam
781 3921 859 3991 Orci
884 3921 1026 4005 regiam.
1048 3921 1114 3993 Sed
1139 3945 1209 3994 non
1236 3925 1351 3997 hacte-

449 4173 506 4226 156.
523 4171 702 4226 Subterraueo
712 4171 786 4234 tubo,
798 4172 844 4225 via
856 4171 1002 4234 fornicata,
1015 4173 1132 4238 fornice,
1146 4191 1273 4231 caverna
