3554 5156
576 979 832 1036 rutcuanuuo
852 982 977 1049 acqua
998 983 1123 1038 aasrrn
1310 971 1352 1042 67

350 1147 522 1217 minutum
537 1149 653 1219 oculos
665 1149 844 1231 clauserat,
859 1149 927 1220 iam
942 1151 1049 1222 altero
1059 1152 1262 1236 obstupidus
1271 1175 1352 1237 ape·

350 1264 429 1334 ruit.
445 1263 536 1334 Ante
549 1265 641 1334 enim
655 1287 691 1336 se
706 1267 897 1337 mensulam
911 1267 1097 1352 conspexit,
1123 1273 1222 1341 coena
1247 1271 1353 1342 maxi·

349 1403 405 1452 me
420 1381 560 1466 opipara
573 1389 792 1452 constratam.
815 1383 931 1468 Quum
946 1384 1017 1469 ipse
1043 1386 1262 1470 decubuerat,
1277 1388 1352 1458 haec

348 1506 442 1570 certe
456 1499 502 1569 ibi
517 1520 586 1570 nou
602 1499 708 1582 stetit,
724 1521 788 1570 nec
801 1501 986 1572 ullomodo
1001 1524 1122 1586 capere
1136 1511 1271 1588 poterat
1282 1526 1352 1587 qua

350 1617 482 1686 ratione
495 1618 651 1687 mensula
670 1638 839 1699 coenaqua
861 1639 902 1687 co
923 1619 1068 1702 perferri
1094 1627 1263 1702 poterant.
1286 1621 1352 1692 Ve-

349 1740 545 1804 rumtamen
560 1755 669 1816 quum
682 1735 793 1804 fames
814 1755 895 1804 cum
918 1744 1070 1820 urgeret,
1085 1737 1179 1807 haud
1202 1717 1351 1810 multum

349 1851 391 1923 de
406 1873 447 1921 ea
462 1871 500 1920 re
515 1851 578 1921 sibi
599 1850 836 1921 meditandum
858 1852 967 1922 duxit.
989 1853 1092 1923 Nulla
1116 1853 1235 1938 itaque
1255 1859 1352 1927 mora

348 1990 481 2040 coenam
495 1967 695 2052 absumpsit
712 1989 817 2052 seque
832 1969 939 2051 quieti
954 1969 1103 2039 tradidit.

432 2085 505 2155 Iam
520 2092 597 2155 erat
610 2105 710 2154 mane
736 2106 845 2167 quum
870 2085 1058 2168 evigilavit.
1081 2087 1294 2158 lentaculum
1315 2089 1352 2159 in

348 2203 504 2274 mensula
518 2209 599 2272 ante
612 2201 797 2285 grabatum
813 2202 882 2272 iam
896 2209 972 2272 erat
985 2202 1196 2287 dapinatum.
1207 2204 1352 2290 Sumpto

347 2342 399 2403 co,
413 2319 587 2391 conclavia
601 2319 717 2403 palatii
738 2319 979 2402 perambulare
1004 2321 1128 2404 pergit.
1154 2320 1294 2393 Cunctis
1315 2323 1351 2393 in

347 2437 402 2508 his
425 2436 554 2507 nemini
570 2436 708 2506 obviam
721 2437 838 2506 factus
852 2443 915 2506 est.
927 2435 1058 2506 Dehinc
1071 2437 1107 2506 in
1122 2437 1262 2508 hortum
1276 2461 1352 2522 pro·

347 2554 443 2627 divit.
473 2555 571 2624 Rosae
599 2553 867 2637 circumquaque
896 2553 1074 2636 florebant,
1111 2555 1208 2638 quasi
1237 2556 1351 2626 media

346 2678 477 2744 aetate

429 2786 675 2858 “Pulchritudo
689 2785 870 2857 dumtaxat
891 2807 994 2858 suum
1018 2788 1261 2858 munusculum
1282 2789 1350 2858 uti-

343 2927 411 2990 quc
425 2903 625 2985 obtinebit,”
640 2911 809 2974 mercator
824 2924 940 2974 mum
961 2905 1069 2986 fatur,
1095 2911 1200 2987 atque
1224 2926 1348 2988 rosam,

342 3043 448 3106 quam
463 3021 655 3091 discernere
669 3026 806 3103 poterat
826 3019 1091 3103 pulcherrimam
1114 3021 1272 3104 protinus
1292 3021 1350 3092 de·

344 3137 461 3222 carpit.

427 3255 506 3325 Non
527 3252 696 3324 antehoc
722 3251 878 3337 perfecit,
904 3273 1009 3336 quam
1035 3273 1141 3336 prope
1165 3274 1201 3324 se
1226 3253 1351 3324 terrifi-

342 3393 422 3442 cum
436 3371 579 3441 boatum
592 3370 699 3440 audit.
723 3369 864 3453 Digrcdi
886 3375 1010 3452 tentat,
1024 3376 1061 3439 at
1086 3391 1175 3452 ecce,
1201 3370 1350 3441 immane

343 3495 537 3560 monstrum
551 3488 736 3559 adversum
752 3508 788 3558 se
802 3487 1082 3571 appropinquans
1094 3486 1267 3571 conspicit.
1295 3487 1350 3558 Fi·

341 3627 430 3691 gura
444 3605 518 3676 cius
533 3604 618 3676 nulli
633 3611 710 3674 erat
725 3603 844 3675 similis
857 3603 977 3674 bestiae
992 3623 1097 3686 quam
1124 3624 1278 3685 unquam
1299 3604 1350 3674 vi-

341 3723 401 3806 dit,
410 3743 559 3806 namque
569 3720 768 3804 proboscide
777 3719 961 3804 elephanti,
971 3719 1053 3791 iuba
1060 3719 1206 3802 leonina,
1216 3741 1352 3804 squam·

342 3839 481 3924 misquc¹
503 3837 643 3921 colubri,
665 3835 811 3921 denique
841 3835 980 3921 ungulis
1009 3835 1145 3920 tigridis
1171 3843 1246 3906 erat
1275 3836 1352 3907 hor-

343 3955 465 4027 ridum.

426 4071 542 4142 Bestia
556 4093 592 4142 se
607 4092 723 4141 coram
738 4077 926 4140 mercatore
942 4069 1074 4153 sistens,
1100 4068 1244 4140 terribili
1264 4091 1349 4142 voce

340 4190 388 4261 sic
403 4211 484 4260 cum
499 4188 673 4259 adoritur:
695 4185 889 4272 “Quidnam
904 4187 979 4270 agis
994 4186 1079 4257 meis
1093 4185 1220 4258 rosis?”
