3522 5156
624 1551 1031 1626 CINISCVLA

417 2043 551 2196 FVIT
571 2115 798 2200 QVONDAM
818 2119 891 2202 Vir,
920 2116 979 2202 qui
1000 2117 1207 2190 connubium
1227 2121 1332 2190 semel

330 2237 525 2318 iterumque
547 2241 601 2304 est
623 2243 792 2320 expertus
809 2237 903 2308 Uxor
917 2235 1083 2320 posterior
1097 2243 1171 2308 erat
1186 2237 1334 2320 superba

331 2354 474 2424 molesta
488 2359 524 2422 et
538 2351 734 2424 inhumana
757 2353 915 2425 Habebat
929 2359 1046 2424 autem
1060 2353 1134 2437 ipsa
1148 2353 1235 2424 duas
1247 2354 1334 2426 filias

332 2493 429 2556 aeque
444 2469 604 2553 difficiles,
620 2491 698 2554 quae
712 2471 841 2555 pariter
854 2493 932 2542 cum
952 2470 1027 2555 ipsa
1047 2471 1199 2541 taelricae¹
1225 2479 1333 2542 eraut.

415 2587 476 2659 Vir
489 2593 618 2670 autem,
632 2587 792 2672 vicissim,
806 2611 849 2659 ex
862 2588 966 2673 priori
979 2610 1086 2660 uxore
1110 2588 1260 2660 habebat
1273 2589 1335 2660 fili·

332 2728 399 2790 am,
413 2728 490 2790 quae
505 2705 656 2776 moribus
680 2705 783 2789 mitis,
809 2706 915 2790 proba
940 2714 1045 2790 atque
1070 2705 1225 2776 amabilis
1249 2713 1333 2777 erat

331 2824 489 2895 Noverca
502 2822 591 2893 hanc
605 2829 745 2907 propter
757 2822 830 2893 eius
844 2843 957 2893 mores
969 2822 1141 2907 probatos,
1155 2823 1246 2894 unde
1267 2825 1336 2894 cul·

331 2962 386 3025 pae
398 2940 616 3024 propriarum
635 2939 783 3009 filiarum
808 2947 906 3010 tanto
931 2940 1042 3024 magis
1066 2940 1216 3024 dignosci
1242 2947 1336 3025 pote-

332 3065 420 3142 rant,
435 3057 512 3128 odio
526 3063 707 3141 prosecuta
721 3064 783 3128 est.
806 3057 878 3128 Nec
899 3057 967 3127 fuit
982 3057 1055 3141 ipsa
1069 3057 1128 3128 diu
1142 3064 1261 3141 nupta,
1277 3079 1336 3128 an·

332 3181 471 3259 mquam
486 3196 584 3245 suam
600 3195 683 3258 erga
693 3173 782 3244 hanc
791 3174 940 3258 puellam
950 3173 1098 3257 prodidit
1110 3176 1334 3244 aversionem.

333 3293 385 3364 Ex
398 3291 570 3363 laboribus
583 3291 777 3362 domesticis
791 3290 871 3362 huic
900 3290 1030 3362 solebat
1055 3290 1253 3362 durissimos
1277 3290 1334 3362 de-

332 3409 514 3491 mandare;
535 3408 639 3479 huius
653 3415 729 3479 erat
743 3429 827 3478 vasa
841 3407 968 3478 cibaria
982 3409 1108 3490 lavare,
1122 3414 1335 3479 constratum

332 3526 461 3599 lixivio²
474 3525 652 3608 defricare,
667 3525 888 3609 cubiculoque
901 3545 1055 3596 sororum
1076 3545 1234 3608 purgare.
1256 3525 1335 3608 Ipsa

332 3643 493 3728 puellam
509 3641 716 3726 subtr'eglino8
736 3649 937 3726 pernoctare
961 3641 1141 3712 consuevit
1165 3641 1201 3710 in
1227 3641 1336 3725 pulvi·

432 3861 456 3914 1.
476 3857 628 3922 Tetricus,
644 3873 686 3924 -a,
701 3873 774 3922 om,
791 3875 921 3920 morosus,
934 3858 1112 3920 rixabuudus;
1134 3857 1181 3926 qul
1198 3859 1334 3921 altercari,

333 3927 445 3995 lutgeri.
457 3927 567 4003 litigare
584 3927 662 3980 solet.

432 3997 456 4048 2
473 3991 636 4056 helvium,
651 3991 698 4056 -ii,
714 3997 757 4046 est
767 3993 901 4060 liquidum
913 4006 928 4045 e
940 3991 1083 4058 percoctis,
1106 3991 1215 4045 elixatis
1236 3991 1334 4044 cineri·

332 4061 383 4116 bus
393 4061 546 4122 obtentum:
562 4075 635 4126 rapo,
646 4075 768 4126 smegma
780 4059 801 4112 li
819 4060 923 4113 uidum.

433 4129 459 4182 ³.
475 4125 691 4193 sumptuum,
706 4125 740 4191 η’,
755 4131 797 4179 est
836 4125 1012 4189 abitaculum,
1033 4125 1197 4186 cubiculum,
1219 4125 1335 4192 syuoeei·

333 4211 388 4262 um,
400 4196 451 4250 sub
463 4194 567 4262 tegulis
578 4195 646 4248 tecti
658 4195 762 4248 domur.
