<?xml version="1.0" encoding="UTF-8"?>
<!DOCTYPE html PUBLIC "-//W3C//DTD XHTML 1.0 Transitional//EN"
    "http://www.w3.org/TR/xhtml1/DTD/xhtml1-transitional.dtd">
<html xmlns="http://www.w3.org/1999/xhtml" xml:lang="en" lang="en">
 <head>
  <title>
</title>
<meta http-equiv="Content-Type" content="text/html;charset=utf-8" />
  <meta name='ocr-system' content='tesseract 3.04.00' />
  <meta name='ocr-capabilities' content='ocr_page ocr_carea ocr_par ocr_line ocrx_word'/>
</head>
<body>
  <div class='ocr_page' id='page_1' title='image "./fabuldivalesexn00apulgoog_0060.png"; bbox 0 0 3522 5156; ppageno 0'>
   <div class='ocr_carea' id='block_1_1' title="bbox 584 874 1325 946">
    <p class='ocr_par' dir='ltr' id='par_1_1' title="bbox 584 874 1325 946">
     <span class='ocr_line' id='line_1_1' title="bbox 584 874 1325 946; baseline -0.003 0"><span class='ocrx_word' id='word_1_1' title='bbox 584 891 839 946; x_wconf 75' lang='lat' dir='ltr'>Pomnmrooo</span> <span class='ocrx_word' id='word_1_2' title='bbox 861 891 1063 946; x_wconf 72' lang='lat' dir='ltr'>consonus</span> <span class='ocrx_word' id='word_1_3' title='bbox 1280 874 1325 944; x_wconf 88' lang='grc'>49</span> 
     </span>
    </p>
   </div>
   <div class='ocr_carea' id='block_1_2' title="bbox 322 1058 1326 2198">
    <p class='ocr_par' dir='ltr' id='par_1_2' title="bbox 322 1058 1326 2198">
     <span class='ocr_line' id='line_1_2' title="bbox 408 1058 1326 1144; baseline -0.001 -15"><span class='ocrx_word' id='word_1_4' title='bbox 408 1059 562 1144; x_wconf 87' lang='lat' dir='ltr'><strong>Tempus</strong></span> <span class='ocrx_word' id='word_1_5' title='bbox 575 1058 710 1130; x_wconf 84' lang='lat' dir='ltr'>interim</span> <span class='ocrx_word' id='word_1_6' title='bbox 725 1058 822 1129; x_wconf 87' lang='lat' dir='ltr'>venit</span> <span class='ocrx_word' id='word_1_7' title='bbox 837 1081 906 1143; x_wconf 86' lang='lat' dir='ltr'>quo</span> <span class='ocrx_word' id='word_1_8' title='bbox 927 1081 1074 1142; x_wconf 75' lang='lat' dir='ltr'>quaeque</span> <span class='ocrx_word' id='word_1_9' title='bbox 1098 1059 1155 1129; x_wconf 92' lang='lat' dir='ltr'>dia</span> <span class='ocrx_word' id='word_1_10' title='bbox 1178 1059 1326 1129; x_wconf 87' lang='lat' dir='ltr'>ediceret</span> 
     </span>
     <span class='ocr_line' id='line_1_3' title="bbox 326 1175 1325 1260; baseline -0.001 -13"><span class='ocrx_word' id='word_1_11' title='bbox 326 1197 405 1260; x_wconf 87' lang='lat' dir='ltr'>quae</span> <span class='ocrx_word' id='word_1_12' title='bbox 417 1197 561 1246; x_wconf 90' lang='lat' dir='ltr'>munera</span> <span class='ocrx_word' id='word_1_13' title='bbox 574 1198 615 1246; x_wconf 90' lang='lat' dir='ltr'>ac</span> <span class='ocrx_word' id='word_1_14' title='bbox 629 1176 727 1246; x_wconf 90' lang='lat' dir='ltr'>dotes</span> <span class='ocrx_word' id='word_1_15' title='bbox 741 1176 859 1259; x_wconf 87' lang='lat' dir='ltr'>Regiae</span> <span class='ocrx_word' id='word_1_16' title='bbox 873 1176 1002 1247; x_wconf 88' lang='lat' dir='ltr'>Filiolae</span> <span class='ocrx_word' id='word_1_17' title='bbox 1016 1177 1161 1260; x_wconf 79' lang='lat' dir='ltr'>singulae</span> <span class='ocrx_word' id='word_1_18' title='bbox 1174 1175 1325 1260; x_wconf 87' lang='lat' dir='ltr'>imperti-</span> 
     </span>
     <span class='ocr_line' id='line_1_4' title="bbox 326 1292 1324 1365; baseline -0.001 -1"><span class='ocrx_word' id='word_1_19' title='bbox 326 1315 363 1364; x_wconf 90' lang='lat' dir='ltr'>re</span> <span class='ocrx_word' id='word_1_20' title='bbox 376 1293 513 1364; x_wconf 85' lang='lat' dir='ltr'>vellent.</span> <span class='ocrx_word' id='word_1_21' title='bbox 529 1293 625 1364; x_wconf 89' lang='lat' dir='ltr'>Natu</span> <span class='ocrx_word' id='word_1_22' title='bbox 640 1314 759 1364; x_wconf 88' lang='lat' dir='ltr'>earum</span> <span class='ocrx_word' id='word_1_23' title='bbox 773 1292 915 1364; x_wconf 87' lang='lat' dir='ltr'>minima</span> <span class='ocrx_word' id='word_1_24' title='bbox 928 1293 1035 1364; x_wconf 87' lang='lat' dir='ltr'>edixit</span> <span class='ocrx_word' id='word_1_25' title='bbox 1048 1300 1089 1364; x_wconf 91' lang='lat' dir='ltr'>ut</span> <span class='ocrx_word' id='word_1_26' title='bbox 1104 1293 1221 1365; x_wconf 81' lang='lat' dir='ltr'>infans</span> <span class='ocrx_word' id='word_1_27' title='bbox 1234 1293 1324 1364; x_wconf 87' lang='lat' dir='ltr'>inter</span> 
     </span>
     <span class='ocr_line' id='line_1_5' title="bbox 325 1409 1323 1494; baseline 0.001 -13"><span class='ocrx_word' id='word_1_28' title='bbox 325 1433 442 1482; x_wconf 89' lang='lat' dir='ltr'>omnes</span> <span class='ocrx_word' id='word_1_29' title='bbox 455 1410 562 1482; x_wconf 90' lang='lat' dir='ltr'>totius</span> <span class='ocrx_word' id='word_1_30' title='bbox 576 1409 694 1481; x_wconf 91' lang='lat' dir='ltr'>mundi</span> <span class='ocrx_word' id='word_1_31' title='bbox 710 1411 840 1494; x_wconf 85' lang='lat' dir='ltr'>puellas</span> <span class='ocrx_word' id='word_1_32' title='bbox 862 1410 1010 1481; x_wconf 85' lang='lat' dir='ltr'>maxime</span> <span class='ocrx_word' id='word_1_33' title='bbox 1036 1411 1189 1482; x_wconf 87' lang='lat' dir='ltr'>amabilis</span> <span class='ocrx_word' id='word_1_34' title='bbox 1203 1410 1323 1482; x_wconf 83' lang='lat' dir='ltr'>evade·</span> 
     </span>
     <span class='ocr_line' id='line_1_6' title="bbox 325 1528 1325 1612; baseline -0.001 -12"><span class='ocrx_word' id='word_1_35' title='bbox 325 1536 395 1611; x_wconf 88' lang='lat' dir='ltr'>ret;</span> <span class='ocrx_word' id='word_1_36' title='bbox 417 1530 582 1612; x_wconf 86' lang='lat' dir='ltr'>proxima,</span> <span class='ocrx_word' id='word_1_37' title='bbox 596 1534 638 1598; x_wconf 91' lang='lat' dir='ltr'>ut</span> <span class='ocrx_word' id='word_1_38' title='bbox 659 1528 778 1598; x_wconf 89' lang='lat' dir='ltr'>eadem</span> <span class='ocrx_word' id='word_1_39' title='bbox 800 1528 953 1598; x_wconf 89' lang='lat' dir='ltr'>omnium</span> <span class='ocrx_word' id='word_1_40' title='bbox 978 1529 1126 1598; x_wconf 87' lang='lat' dir='ltr'>maxime</span> <span class='ocrx_word' id='word_1_41' title='bbox 1147 1529 1325 1612; x_wconf 87' lang='lat' dir='ltr'>ingeniosa</span> 
     </span>
     <span class='ocr_line' id='line_1_7' title="bbox 324 1645 1325 1730; baseline -0.001 -13"><span class='ocrx_word' id='word_1_42' title='bbox 324 1667 364 1717; x_wconf 91' lang='lat' dir='ltr'>ac</span> <span class='ocrx_word' id='word_1_43' title='bbox 377 1646 480 1716; x_wconf 84' lang='lat' dir='ltr'>vaira</span> <span class='ocrx_word' id='word_1_44' title='bbox 493 1651 600 1728; x_wconf 87' lang='lat' dir='ltr'>esset;</span> <span class='ocrx_word' id='word_1_45' title='bbox 621 1645 734 1728; x_wconf 87' lang='lat' dir='ltr'>tertia,</span> <span class='ocrx_word' id='word_1_46' title='bbox 749 1651 790 1715; x_wconf 90' lang='lat' dir='ltr'>ut</span> <span class='ocrx_word' id='word_1_47' title='bbox 805 1665 845 1714; x_wconf 86' lang='lat' dir='ltr'>ea</span> <span class='ocrx_word' id='word_1_48' title='bbox 866 1645 901 1714; x_wconf 94' lang='lat' dir='ltr'>in</span> <span class='ocrx_word' id='word_1_49' title='bbox 924 1646 1057 1716; x_wconf 91' lang='lat' dir='ltr'>cunctis</span> <span class='ocrx_word' id='word_1_50' title='bbox 1080 1667 1159 1730; x_wconf 87' lang='lat' dir='ltr'>quae</span> <span class='ocrx_word' id='word_1_51' title='bbox 1182 1652 1325 1730; x_wconf 89' lang='lat' dir='ltr'>gestura</span> 
     </span>
     <span class='ocr_line' id='line_1_8' title="bbox 324 1762 1325 1847; baseline -0.002 -13"><span class='ocrx_word' id='word_1_52' title='bbox 324 1771 424 1847; x_wconf 79' lang='lat' dir='ltr'>esset</span> <span class='ocrx_word' id='word_1_53' title='bbox 438 1763 551 1847; x_wconf 81' lang='lat' dir='ltr'>gratia</span> <span class='ocrx_word' id='word_1_54' title='bbox 565 1762 637 1832; x_wconf 92' lang='lat' dir='ltr'>sine</span> <span class='ocrx_word' id='word_1_55' title='bbox 652 1762 786 1832; x_wconf 89' lang='lat' dir='ltr'>macula</span> <span class='ocrx_word' id='word_1_56' title='bbox 805 1762 1040 1845; x_wconf 82' lang='lat' dir='ltr'>praeclarcret;</span> <span class='ocrx_word' id='word_1_57' title='bbox 1055 1770 1180 1847; x_wconf 86' lang='lat' dir='ltr'>quarta</span> <span class='ocrx_word' id='word_1_58' title='bbox 1193 1769 1236 1833; x_wconf 93' lang='lat' dir='ltr'>ut</span> <span class='ocrx_word' id='word_1_59' title='bbox 1250 1763 1325 1846; x_wconf 83' lang='lat' dir='ltr'>ipsa</span> 
     </span>
     <span class='ocr_line' id='line_1_9' title="bbox 323 1879 1324 1964; baseline -0.002 -12"><span class='ocrx_word' id='word_1_60' title='bbox 323 1879 501 1952; x_wconf 78' lang='lat' dir='ltr'>saltatione</span> <span class='ocrx_word' id='word_1_61' title='bbox 516 1901 635 1951; x_wconf 84' lang='lat' dir='ltr'>omncs</span> <span class='ocrx_word' id='word_1_62' title='bbox 649 1880 845 1962; x_wconf 89' lang='lat' dir='ltr'>excelleret;</span> <span class='ocrx_word' id='word_1_63' title='bbox 867 1879 998 1963; x_wconf 78' lang='lat' dir='ltr'>quinta,</span> <span class='ocrx_word' id='word_1_64' title='bbox 1014 1886 1055 1951; x_wconf 90' lang='lat' dir='ltr'>ut</span> <span class='ocrx_word' id='word_1_65' title='bbox 1068 1881 1142 1964; x_wconf 90' lang='lat' dir='ltr'>ipsa</span> <span class='ocrx_word' id='word_1_66' title='bbox 1154 1887 1259 1952; x_wconf 89' lang='lat' dir='ltr'>cantu</span> <span class='ocrx_word' id='word_1_67' title='bbox 1272 1880 1324 1950; x_wconf 93' lang='lat' dir='ltr'>lu·</span> 
     </span>
     <span class='ocr_line' id='line_1_10' title="bbox 323 1996 1323 2082; baseline -0.005 -10"><span class='ocrx_word' id='word_1_68' title='bbox 323 1999 462 2072; x_wconf 85' lang='lat' dir='ltr'>sciniam</span> <span class='ocrx_word' id='word_1_69' title='bbox 475 1997 690 2082; x_wconf 65' lang='lat' dir='ltr'>adeouaret3</span> <span class='ocrx_word' id='word_1_70' title='bbox 712 1996 859 2080; x_wconf 88' lang='lat' dir='ltr'>denique</span> <span class='ocrx_word' id='word_1_71' title='bbox 874 2003 981 2080; x_wconf 82' lang='lat' dir='ltr'>sexta,</span> <span class='ocrx_word' id='word_1_72' title='bbox 1007 2004 1049 2067; x_wconf 93' lang='lat' dir='ltr'>ut</span> <span class='ocrx_word' id='word_1_73' title='bbox 1074 1997 1193 2068; x_wconf 91' lang='lat' dir='ltr'>eadem</span> <span class='ocrx_word' id='word_1_74' title='bbox 1216 1997 1323 2067; x_wconf 92' lang='lat' dir='ltr'>omni-</span> 
     </span>
     <span class='ocr_line' id='line_1_11' title="bbox 322 2112 1325 2198; baseline -0.003 -10"><span class='ocrx_word' id='word_1_75' title='bbox 322 2117 387 2188; x_wconf 87' lang='lat' dir='ltr'>bus</span> <span class='ocrx_word' id='word_1_76' title='bbox 400 2114 640 2186; x_wconf 86' lang='lat' dir='ltr'>instrumentis</span> <span class='ocrx_word' id='word_1_77' title='bbox 652 2113 792 2184; x_wconf 83' lang='lat' dir='ltr'>musicis</span> <span class='ocrx_word' id='word_1_78' title='bbox 807 2112 983 2198; x_wconf 86' lang='lat' dir='ltr'>pulsandis</span> <span class='ocrx_word' id='word_1_79' title='bbox 996 2114 1150 2185; x_wconf 92' lang='lat' dir='ltr'>omnium</span> <span class='ocrx_word' id='word_1_80' title='bbox 1174 2113 1325 2185; x_wconf 86' lang='lat' dir='ltr'>doctissi-</span> 
     </span>
    </p>
   </div>
   <div class='ocr_carea' id='block_1_3' title="bbox 322 2234 1323 2434">
    <p class='ocr_par' dir='ltr' id='par_1_3' title="bbox 322 2234 1323 2434">
     <span class='ocr_line' id='line_1_12' title="bbox 322 2234 502 2306; baseline -0.022 0"><span class='ocrx_word' id='word_1_81' title='bbox 322 2256 379 2306; x_wconf 88' lang='lat' dir='ltr'>ma</span> <span class='ocrx_word' id='word_1_82' title='bbox 393 2234 502 2304; x_wconf 88' lang='lat' dir='ltr'>fieret.</span> 
     </span>
     <span class='ocr_line' id='line_1_13' title="bbox 404 2348 1323 2434; baseline 0 -14"><span class='ocrx_word' id='word_1_83' title='bbox 404 2351 559 2420; x_wconf 83' lang='lat' dir='ltr'>Tandem</span> <span class='ocrx_word' id='word_1_84' title='bbox 572 2349 616 2419; x_wconf 92' lang='lat' dir='ltr'>ad</span> <span class='ocrx_word' id='word_1_85' title='bbox 632 2370 748 2418; x_wconf 89' lang='lat' dir='ltr'>senem</span> <span class='ocrx_word' id='word_1_86' title='bbox 763 2348 855 2419; x_wconf 87' lang='lat' dir='ltr'>diam</span> <span class='ocrx_word' id='word_1_87' title='bbox 876 2356 1020 2419; x_wconf 90' lang='lat' dir='ltr'>ventum</span> <span class='ocrx_word' id='word_1_88' title='bbox 1035 2354 1097 2431; x_wconf 89' lang='lat' dir='ltr'>est,</span> <span class='ocrx_word' id='word_1_89' title='bbox 1113 2370 1192 2432; x_wconf 85' lang='lat' dir='ltr'>quae</span> <span class='ocrx_word' id='word_1_90' title='bbox 1212 2349 1323 2434; x_wconf 86' lang='lat' dir='ltr'>capite</span> 
     </span>
    </p>
   </div>
   <div class='ocr_carea' id='block_1_4' title="bbox 320 2466 1325 2785">
    <p class='ocr_par' dir='ltr' id='par_1_4' title="bbox 320 2466 1325 2785">
     <span class='ocr_line' id='line_1_14' title="bbox 322 2466 1325 2552; baseline -0.001 -15"><span class='ocrx_word' id='word_1_91' title='bbox 322 2469 431 2552; x_wconf 89' lang='lat' dir='ltr'>magis</span> <span class='ocrx_word' id='word_1_92' title='bbox 445 2491 487 2538; x_wconf 90' lang='lat' dir='ltr'>ex</span> <span class='ocrx_word' id='word_1_93' title='bbox 502 2467 719 2542; x_wconf 86' lang='lat' dir='ltr'>succensione</span> <span class='ocrx_word' id='word_1_94' title='bbox 741 2487 844 2549; x_wconf 84' lang='lat' dir='ltr'>quam</span> <span class='ocrx_word' id='word_1_95' title='bbox 869 2467 982 2537; x_wconf 83' lang='lat' dir='ltr'>aetatis</span> <span class='ocrx_word' id='word_1_96' title='bbox 1005 2466 1234 2537; x_wconf 86' lang='lat' dir='ltr'>imbecillitate</span> <span class='ocrx_word' id='word_1_97' title='bbox 1256 2473 1325 2536; x_wconf 91' lang='lat' dir='ltr'>tre·</span> 
     </span>
     <span class='ocr_line' id='line_1_15' title="bbox 321 2583 1325 2668; baseline -0.001 -13"><span class='ocrx_word' id='word_1_98' title='bbox 321 2591 446 2667; x_wconf 78' lang='lat' dir='ltr'>mente,</span> <span class='ocrx_word' id='word_1_99' title='bbox 461 2585 553 2668; x_wconf 87' lang='lat' dir='ltr'>quod</span> <span class='ocrx_word' id='word_1_100' title='bbox 567 2606 604 2655; x_wconf 90' lang='lat' dir='ltr'>sc</span> <span class='ocrx_word' id='word_1_101' title='bbox 618 2583 811 2667; x_wconf 82' lang='lat' dir='ltr'>neglectam</span> <span class='ocrx_word' id='word_1_102' title='bbox 827 2583 1054 2667; x_wconf 86' lang='lat' dir='ltr'>existimabat,</span> <span class='ocrx_word' id='word_1_103' title='bbox 1070 2583 1325 2668; x_wconf 84' lang='lat' dir='ltr'>praenuntiabat</span> 
     </span>
     <span class='ocr_line' id='line_1_16' title="bbox 320 2700 1325 2785; baseline -0.001 -13"><span class='ocrx_word' id='word_1_104' title='bbox 320 2703 492 2785; x_wconf 87' lang='lat' dir='ltr'>futurum,</span> <span class='ocrx_word' id='word_1_105' title='bbox 507 2709 549 2772; x_wconf 91' lang='lat' dir='ltr'>ut</span> <span class='ocrx_word' id='word_1_106' title='bbox 563 2701 672 2785; x_wconf 86' lang='lat' dir='ltr'>Regia</span> <span class='ocrx_word' id='word_1_107' title='bbox 686 2701 772 2770; x_wconf 89' lang='lat' dir='ltr'>Filia</span> <span class='ocrx_word' id='word_1_108' title='bbox 787 2722 897 2771; x_wconf 92' lang='lat' dir='ltr'>unum</span> <span class='ocrx_word' id='word_1_109' title='bbox 918 2700 1105 2783; x_wconf 81' lang='lat' dir='ltr'>digitorum</span> <span class='ocrx_word' id='word_1_110' title='bbox 1119 2701 1213 2771; x_wconf 81' lang='lat' dir='ltr'>fuso³</span> <span class='ocrx_word' id='word_1_111' title='bbox 1226 2700 1325 2771; x_wconf 77' lang='lat' dir='ltr'>lasu-</span> 
     </span>
    </p>
   </div>
   <div class='ocr_carea' id='block_1_5' title="bbox 317 2883 1337 4192">
    <p class='ocr_par' dir='ltr' id='par_1_5' title="bbox 317 2883 1337 4192">
     <span class='ocr_line' id='line_1_17' title="bbox 419 2883 1319 2951; baseline -0.001 -12"><span class='ocrx_word' id='word_1_112' title='bbox 419 2887 444 2939; x_wconf 83' lang='lat'>3.</span> <span class='ocrx_word' id='word_1_113' title='bbox 457 2883 567 2946; x_wconf 73' lang='lat' dir='ltr'>Ftwus,</span> <span class='ocrx_word' id='word_1_114' title='bbox 580 2883 608 2946; x_wconf 75' lang='lat' dir='ltr'>o&#39;,</span> <span class='ocrx_word' id='word_1_115' title='bbox 623 2890 665 2938; x_wconf 84' lang='lat' dir='ltr'>est</span> <span class='ocrx_word' id='word_1_116' title='bbox 677 2884 797 2951; x_wconf 80' lang='lat' dir='ltr'>tigillum</span> <span class='ocrx_word' id='word_1_117' title='bbox 811 2883 932 2951; x_wconf 86' lang='lat' dir='ltr'>(lignum</span> <span class='ocrx_word' id='word_1_118' title='bbox 944 2884 1082 2950; x_wconf 77' lang='lat' dir='ltr'>parrum),</span> <span class='ocrx_word' id='word_1_119' title='bbox 1096 2889 1175 2946; x_wconf 78' lang='lat' dir='ltr'>teras,</span> <span class='ocrx_word' id='word_1_120' title='bbox 1189 2885 1219 2937; x_wconf 93' lang='lat' dir='ltr'>in</span> <span class='ocrx_word' id='word_1_121' title='bbox 1231 2884 1319 2938; x_wconf 86' lang='lat' dir='ltr'>modio</span> 
     </span>
     <span class='ocr_line' id='line_1_18' title="bbox 321 2967 1337 3037; baseline -0.001 -15"><span class='ocrx_word' id='word_1_122' title='bbox 321 2969 400 3037; x_wconf 84' lang='lat' dir='ltr'>digiti</span> <span class='ocrx_word' id='word_1_123' title='bbox 414 2969 521 3022; x_wconf 87' lang='lat' dir='ltr'>minimi</span> <span class='ocrx_word' id='word_1_124' title='bbox 533 2969 664 3030; x_wconf 84' lang='lat' dir='ltr'>crassitie,</span> <span class='ocrx_word' id='word_1_125' title='bbox 677 2968 741 3020; x_wconf 88' lang='lat' dir='ltr'>inde</span> <span class='ocrx_word' id='word_1_126' title='bbox 754 2974 845 3021; x_wconf 83' lang='lat' dir='ltr'>autem</span> <span class='ocrx_word' id='word_1_127' title='bbox 858 2969 893 3020; x_wconf 84' lang='lat' dir='ltr'>ad</span> <span class='ocrx_word' id='word_1_128' title='bbox 909 2968 1003 3021; x_wconf 81' lang='lat' dir='ltr'>ambas</span> <span class='ocrx_word' id='word_1_129' title='bbox 1020 2967 1206 3022; x_wconf 80' lang='lat' dir='ltr'>extremitates</span> <span class='ocrx_word' id='word_1_130' title='bbox 1218 2969 1319 3022; x_wconf 87' lang='lat' dir='ltr'>sensim</span> <span class='ocrx_word' id='word_1_131' title='bbox 1334 3001 1337 3006; x_wconf 92' lang='lat'><em>-</em></span> 
     </span>
     <span class='ocr_line' id='line_1_19' title="bbox 320 3051 1321 3122; baseline 0 -16"><span class='ocrx_word' id='word_1_132' title='bbox 320 3053 349 3106; x_wconf 89' lang='lat' dir='ltr'>in</span> <span class='ocrx_word' id='word_1_133' title='bbox 363 3053 526 3106; x_wconf 85' lang='lat' dir='ltr'>tenuitatem</span> <span class='ocrx_word' id='word_1_134' title='bbox 543 3051 677 3114; x_wconf 84' lang='lat' dir='ltr'>desinens,</span> <span class='ocrx_word' id='word_1_135' title='bbox 695 3051 807 3122; x_wconf 73' lang='lat' dir='ltr'>parvulo</span> <span class='ocrx_word' id='word_1_136' title='bbox 826 3052 929 3104; x_wconf 86' lang='lat' dir='ltr'>discolo</span> <span class='ocrx_word' id='word_1_137' title='bbox 953 3067 1035 3118; x_wconf 85' lang='lat' dir='ltr'>prope</span> <span class='ocrx_word' id='word_1_138' title='bbox 1052 3052 1086 3105; x_wconf 85' lang='lat' dir='ltr'>ab</span> <span class='ocrx_word' id='word_1_139' title='bbox 1110 3051 1234 3105; x_wconf 82' lang='lat' dir='ltr'>inferiori</span> <span class='ocrx_word' id='word_1_140' title='bbox 1258 3052 1321 3106; x_wconf 87' lang='lat' dir='ltr'>fine.</span> 
     </span>
     <span class='ocr_line' id='line_1_20' title="bbox 319 3135 1324 3202; baseline -0.001 -12"><span class='ocrx_word' id='word_1_141' title='bbox 319 3137 414 3191; x_wconf 87' lang='lat' dir='ltr'>Netrix</span> <span class='ocrx_word' id='word_1_142' title='bbox 427 3137 503 3190; x_wconf 87' lang='lat' dir='ltr'>sedet</span> <span class='ocrx_word' id='word_1_143' title='bbox 514 3137 543 3189; x_wconf 91' lang='lat' dir='ltr'>iu</span> <span class='ocrx_word' id='word_1_144' title='bbox 556 3151 673 3196; x_wconf 72' lang='lat' dir='ltr'>maruno,</span> <span class='ocrx_word' id='word_1_145' title='bbox 687 3151 767 3201; x_wconf 86' lang='lat' dir='ltr'>super</span> <span class='ocrx_word' id='word_1_146' title='bbox 778 3141 861 3189; x_wconf 86' lang='lat' dir='ltr'>tenue</span> <span class='ocrx_word' id='word_1_147' title='bbox 874 3151 905 3188; x_wconf 87' lang='lat' dir='ltr'>ac</span> <span class='ocrx_word' id='word_1_148' title='bbox 923 3135 1034 3202; x_wconf 85' lang='lat' dir='ltr'>planum</span> <span class='ocrx_word' id='word_1_149' title='bbox 1057 3135 1176 3201; x_wconf 88' lang='lat' dir='ltr'>tigillum</span> <span class='ocrx_word' id='word_1_150' title='bbox 1189 3137 1266 3190; x_wconf 87' lang='lat' dir='ltr'>cuius</span> <span class='ocrx_word' id='word_1_151' title='bbox 1280 3152 1324 3189; x_wconf 81' lang='lat' dir='ltr'>ex·</span> 
     </span>
     <span class='ocr_line' id='line_1_21' title="bbox 319 3217 1320 3286; baseline -0.001 -12"><span class='ocrx_word' id='word_1_152' title='bbox 319 3221 460 3282; x_wconf 84' lang='lat' dir='ltr'>tremitati,</span> <span class='ocrx_word' id='word_1_153' title='bbox 474 3221 507 3272; x_wconf 85' lang='lat' dir='ltr'>ad</span> <span class='ocrx_word' id='word_1_154' title='bbox 519 3221 620 3272; x_wconf 79' lang='lat' dir='ltr'>laevum</span> <span class='ocrx_word' id='word_1_155' title='bbox 632 3219 750 3280; x_wconf 88' lang='lat' dir='ltr'>netricis,</span> <span class='ocrx_word' id='word_1_156' title='bbox 764 3217 850 3271; x_wconf 84' lang='lat' dir='ltr'>infixa</span> <span class='ocrx_word' id='word_1_157' title='bbox 863 3224 904 3272; x_wconf 81' lang='lat' dir='ltr'>est</span> <span class='ocrx_word' id='word_1_158' title='bbox 915 3219 998 3279; x_wconf 85' lang='lat' dir='ltr'>colus,</span> <span class='ocrx_word' id='word_1_159' title='bbox 1010 3218 1074 3271; x_wconf 90' lang='lat' dir='ltr'>huic</span> <span class='ocrx_word' id='word_1_160' title='bbox 1084 3224 1174 3270; x_wconf 80' lang='lat' dir='ltr'>autem</span> <span class='ocrx_word' id='word_1_161' title='bbox 1183 3219 1320 3286; x_wconf 83' lang='lat' dir='ltr'>illigatum</span> 
     </span>
     <span class='ocr_line' id='line_1_22' title="bbox 319 3302 1319 3370; baseline -0.002 -12"><span class='ocrx_word' id='word_1_162' title='bbox 319 3311 361 3358; x_wconf 86' lang='lat' dir='ltr'>est</span> <span class='ocrx_word' id='word_1_163' title='bbox 374 3319 495 3370; x_wconf 86' lang='lat' dir='ltr'>pensum,</span> <span class='ocrx_word' id='word_1_164' title='bbox 508 3303 567 3356; x_wconf 82' lang='lat' dir='ltr'>sive</span> <span class='ocrx_word' id='word_1_165' title='bbox 579 3303 734 3369; x_wconf 76' lang='lat' dir='ltr'>manipulus</span> <span class='ocrx_word' id='word_1_166' title='bbox 745 3303 884 3364; x_wconf 70' lang='lat' dir='ltr'>cannabis,</span> <span class='ocrx_word' id='word_1_167' title='bbox 896 3303 955 3355; x_wconf 83' lang='lat' dir='ltr'>sive</span> <span class='ocrx_word' id='word_1_168' title='bbox 967 3302 1026 3363; x_wconf 88' lang='lat' dir='ltr'>lini,</span> <span class='ocrx_word' id='word_1_169' title='bbox 1037 3318 1070 3354; x_wconf 84' lang='lat' dir='ltr'>ex</span> <span class='ocrx_word' id='word_1_170' title='bbox 1081 3318 1134 3368; x_wconf 88' lang='lat' dir='ltr'>quo</span> <span class='ocrx_word' id='word_1_171' title='bbox 1147 3303 1237 3355; x_wconf 85' lang='lat' dir='ltr'>uetrix</span> <span class='ocrx_word' id='word_1_172' title='bbox 1249 3304 1319 3356; x_wconf 70' lang='lat' dir='ltr'>leva</span> 
     </span>
     <span class='ocr_line' id='line_1_23' title="bbox 318 3385 1321 3452; baseline -0.002 -12"><span class='ocrx_word' id='word_1_173' title='bbox 318 3404 402 3441; x_wconf 87' lang='lat' dir='ltr'>manu</span> <span class='ocrx_word' id='word_1_174' title='bbox 415 3387 478 3440; x_wconf 90' lang='lat' dir='ltr'>licia</span> <span class='ocrx_word' id='word_1_175' title='bbox 491 3386 625 3448; x_wconf 86' lang='lat' dir='ltr'>doductat,</span> <span class='ocrx_word' id='word_1_176' title='bbox 638 3387 715 3439; x_wconf 87' lang='lat' dir='ltr'>cuius</span> <span class='ocrx_word' id='word_1_177' title='bbox 727 3392 869 3439; x_wconf 88' lang='lat' dir='ltr'>extremun</span> <span class='ocrx_word' id='word_1_178' title='bbox 882 3387 945 3438; x_wconf 79' lang='lat' dir='ltr'>fuso</span> <span class='ocrx_word' id='word_1_179' title='bbox 962 3391 1003 3439; x_wconf 89' lang='lat' dir='ltr'>est</span> <span class='ocrx_word' id='word_1_180' title='bbox 1021 3385 1172 3451; x_wconf 84' lang='lat' dir='ltr'>alligatum,</span> <span class='ocrx_word' id='word_1_181' title='bbox 1186 3402 1265 3452; x_wconf 89' lang='lat' dir='ltr'>quem</span> <span class='ocrx_word' id='word_1_182' title='bbox 1283 3387 1321 3439; x_wconf 95' lang='lat' dir='ltr'>di·</span> 
     </span>
     <span class='ocr_line' id='line_1_24' title="bbox 318 3469 1319 3538; baseline -0.002 -14"><span class='ocrx_word' id='word_1_183' title='bbox 318 3471 385 3538; x_wconf 88' lang='lat' dir='ltr'>gitis</span> <span class='ocrx_word' id='word_1_184' title='bbox 401 3475 500 3532; x_wconf 85' lang='lat' dir='ltr'>versat,</span> <span class='ocrx_word' id='word_1_185' title='bbox 517 3470 563 3522; x_wconf 81' lang='lat' dir='ltr'>liic</span> <span class='ocrx_word' id='word_1_186' title='bbox 581 3476 672 3522; x_wconf 80' lang='lat' dir='ltr'>autern</span> <span class='ocrx_word' id='word_1_187' title='bbox 685 3469 820 3522; x_wconf 88' lang='lat' dir='ltr'>verticillo</span> <span class='ocrx_word' id='word_1_188' title='bbox 832 3469 896 3523; x_wconf 80' lang='lat' dir='ltr'>licia</span> <span class='ocrx_word' id='word_1_189' title='bbox 906 3469 1057 3536; x_wconf 91' lang='lat' dir='ltr'>torquendo</span> <span class='ocrx_word' id='word_1_190' title='bbox 1069 3470 1099 3522; x_wconf 91' lang='lat' dir='ltr'>in</span> <span class='ocrx_word' id='word_1_191' title='bbox 1112 3469 1188 3520; x_wconf 85' lang='lat' dir='ltr'>iilum</span> <span class='ocrx_word' id='word_1_192' title='bbox 1201 3470 1319 3531; x_wconf 86' lang='lat' dir='ltr'>torsitat,</span> 
     </span>
     <span class='ocr_line' id='line_1_25' title="bbox 317 3551 1319 3622; baseline -0.002 -14"><span class='ocrx_word' id='word_1_193' title='bbox 317 3554 388 3622; x_wconf 90' lang='lat' dir='ltr'>quod</span> <span class='ocrx_word' id='word_1_194' title='bbox 405 3555 479 3607; x_wconf 75' lang='lat' dir='ltr'>circa</span> <span class='ocrx_word' id='word_1_195' title='bbox 494 3553 627 3606; x_wconf 84' lang='lat' dir='ltr'>disculum</span> <span class='ocrx_word' id='word_1_196' title='bbox 649 3553 712 3606; x_wconf 84' lang='lat' dir='ltr'>fuso</span> <span class='ocrx_word' id='word_1_197' title='bbox 736 3554 912 3619; x_wconf 74' lang='lat' dir='ltr'>glomeratum.</span> <span class='ocrx_word' id='word_1_198' title='bbox 930 3552 981 3606; x_wconf 84' lang='lat' dir='ltr'>Hic</span> <span class='ocrx_word' id='word_1_199' title='bbox 998 3551 1054 3605; x_wconf 84' lang='lat' dir='ltr'>fuit</span> <span class='ocrx_word' id='word_1_200' title='bbox 1070 3552 1166 3606; x_wconf 85' lang='lat' dir='ltr'>modus</span> <span class='ocrx_word' id='word_1_201' title='bbox 1184 3552 1267 3605; x_wconf 87' lang='lat' dir='ltr'>nendi</span> <span class='ocrx_word' id='word_1_202' title='bbox 1285 3569 1319 3606; x_wconf 83' lang='lat' dir='ltr'>cx</span> 
     </span>
     <span class='ocr_line' id='line_1_26' title="bbox 318 3633 1319 3704; baseline -0.003 -13"><span class='ocrx_word' id='word_1_203' title='bbox 318 3639 393 3693; x_wconf 89' lang='lat' dir='ltr'>omni</span> <span class='ocrx_word' id='word_1_204' title='bbox 405 3637 579 3704; x_wconf 77' lang='lat' dir='ltr'>antiquitate,</span> <span class='ocrx_word' id='word_1_205' title='bbox 591 3637 678 3689; x_wconf 88' lang='lat' dir='ltr'>donec</span> <span class='ocrx_word' id='word_1_206' title='bbox 691 3633 861 3688; x_wconf 82' lang='lat' dir='ltr'>rotoculum</span> <span class='ocrx_word' id='word_1_207' title='bbox 874 3637 1019 3688; x_wconf 86' lang='lat' dir='ltr'>inventum</span> <span class='ocrx_word' id='word_1_208' title='bbox 1031 3641 1081 3697; x_wconf 78' lang='lat' dir='ltr'>ast,</span> <span class='ocrx_word' id='word_1_209' title='bbox 1098 3635 1169 3702; x_wconf 89' lang='lat' dir='ltr'>quod</span> <span class='ocrx_word' id='word_1_210' title='bbox 1187 3636 1255 3701; x_wconf 86' lang='lat' dir='ltr'>pede</span> <span class='ocrx_word' id='word_1_211' title='bbox 1272 3637 1319 3688; x_wconf 93' lang='lat' dir='ltr'>im·</span> 
     </span>
     <span class='ocr_line' id='line_1_27' title="bbox 317 3719 1319 3789; baseline -0.003 -15"><span class='ocrx_word' id='word_1_212' title='bbox 317 3721 436 3789; x_wconf 85' lang='lat' dir='ltr'>pellitur,</span> <span class='ocrx_word' id='word_1_213' title='bbox 458 3736 508 3773; x_wconf 91' lang='lat' dir='ltr'>nee</span> <span class='ocrx_word' id='word_1_214' title='bbox 531 3721 622 3773; x_wconf 88' lang='lat' dir='ltr'>netrix</span> <span class='ocrx_word' id='word_1_215' title='bbox 638 3721 701 3774; x_wconf 81' lang='lat' dir='ltr'>fuso</span> <span class='ocrx_word' id='word_1_216' title='bbox 719 3721 835 3785; x_wconf 85' lang='lat' dir='ltr'>amplius</span> <span class='ocrx_word' id='word_1_217' title='bbox 852 3725 921 3786; x_wconf 84' lang='lat' dir='ltr'>eget.</span> <span class='ocrx_word' id='word_1_218' title='bbox 938 3719 1055 3772; x_wconf 87' lang='lat' dir='ltr'>Proinde</span> <span class='ocrx_word' id='word_1_219' title='bbox 1080 3735 1175 3772; x_wconf 87' lang='lat' dir='ltr'>omnes</span> <span class='ocrx_word' id='word_1_220' title='bbox 1200 3719 1319 3772; x_wconf 86' lang='lat' dir='ltr'>delinea-</span> 
     </span>
     <span class='ocr_line' id='line_1_28' title="bbox 317 3802 1321 3870; baseline -0.003 -11"><span class='ocrx_word' id='word_1_221' title='bbox 317 3811 390 3859; x_wconf 87' lang='lat' dir='ltr'>tores</span> <span class='ocrx_word' id='word_1_222' title='bbox 413 3809 505 3857; x_wconf 74' lang='lat' dir='ltr'>emant</span> <span class='ocrx_word' id='word_1_223' title='bbox 522 3818 604 3870; x_wconf 89' lang='lat' dir='ltr'>quum</span> <span class='ocrx_word' id='word_1_224' title='bbox 618 3803 735 3857; x_wconf 83' lang='lat' dir='ltr'>netriees</span> <span class='ocrx_word' id='word_1_225' title='bbox 751 3804 1020 3869; x_wconf 71' lang='lat' dir='ltr'>repraesentantium</span> <span class='ocrx_word' id='word_1_226' title='bbox 1037 3802 1067 3855; x_wconf 91' lang='lat' dir='ltr'>in</span> <span class='ocrx_word' id='word_1_227' title='bbox 1087 3817 1178 3864; x_wconf 85' lang='lat' dir='ltr'>manu,</span> <span class='ocrx_word' id='word_1_228' title='bbox 1191 3802 1259 3868; x_wconf 84' lang='lat' dir='ltr'>pede</span> <span class='ocrx_word' id='word_1_229' title='bbox 1275 3819 1321 3856; x_wconf 81' lang='lat' dir='ltr'>au-</span> 
     </span>
     <span class='ocr_line' id='line_1_29' title="bbox 320 3886 1318 3953; baseline -0.002 -12"><span class='ocrx_word' id='word_1_230' title='bbox 320 3895 375 3942; x_wconf 85' lang='lat' dir='ltr'>tern</span> <span class='ocrx_word' id='word_1_231' title='bbox 389 3887 540 3940; x_wconf 85' lang='lat' dir='ltr'>rotaculum</span> <span class='ocrx_word' id='word_1_232' title='bbox 552 3893 673 3953; x_wconf 83' lang='lat' dir='ltr'>agentes,</span> <span class='ocrx_word' id='word_1_233' title='bbox 693 3886 764 3953; x_wconf 87' lang='lat' dir='ltr'>quod</span> <span class='ocrx_word' id='word_1_234' title='bbox 777 3886 836 3946; x_wconf 68' lang='lat' dir='ltr'>hac</span> <span class='ocrx_word' id='word_1_235' title='bbox 849 3886 902 3939; x_wconf 90' lang='lat' dir='ltr'>duo</span> <span class='ocrx_word' id='word_1_236' title='bbox 920 3901 978 3939; x_wconf 79' lang='lat' dir='ltr'>sose</span> <span class='ocrx_word' id='word_1_237' title='bbox 990 3891 1085 3938; x_wconf 87' lang='lat' dir='ltr'>mutuo</span> <span class='ocrx_word' id='word_1_238' title='bbox 1099 3886 1254 3948; x_wconf 83' lang='lat' dir='ltr'>excludunt,</span> <span class='ocrx_word' id='word_1_239' title='bbox 1268 3903 1318 3939; x_wconf 85' lang='lat' dir='ltr'>nec</span> 
     </span>
     <span class='ocr_line' id='line_1_30' title="bbox 317 3969 1319 4037; baseline -0.004 -11"><span class='ocrx_word' id='word_1_240' title='bbox 317 3971 397 4026; x_wconf 88' lang='lat' dir='ltr'>simul</span> <span class='ocrx_word' id='word_1_241' title='bbox 415 3971 544 4024; x_wconf 79' lang='lat' dir='ltr'>exsistere</span> <span class='ocrx_word' id='word_1_242' title='bbox 560 3976 671 4037; x_wconf 88' lang='lat' dir='ltr'>queunt.</span> <span class='ocrx_word' id='word_1_243' title='bbox 683 3970 809 4022; x_wconf 88' lang='lat' dir='ltr'>Puelluia</span> <span class='ocrx_word' id='word_1_244' title='bbox 820 3969 905 4036; x_wconf 84' lang='lat' dir='ltr'>igitur</span> <span class='ocrx_word' id='word_1_245' title='bbox 916 3969 992 4036; x_wconf 82' lang='lat' dir='ltr'>regia</span> <span class='ocrx_word' id='word_1_246' title='bbox 1006 3973 1112 4035; x_wconf 87' lang='lat' dir='ltr'>poterat</span> <span class='ocrx_word' id='word_1_247' title='bbox 1124 3969 1240 4035; x_wconf 88' lang='lat' dir='ltr'>digitum</span> <span class='ocrx_word' id='word_1_248' title='bbox 1263 3971 1319 4022; x_wconf 88' lang='lat' dir='ltr'>vul·</span> 
     </span>
     <span class='ocr_line' id='line_1_31' title="bbox 317 4051 1322 4119; baseline -0.003 -11"><span class='ocrx_word' id='word_1_249' title='bbox 317 4069 412 4108; x_wconf 85' lang='lat' dir='ltr'>nerare</span> <span class='ocrx_word' id='word_1_250' title='bbox 428 4055 498 4114; x_wconf 80' lang='lat' dir='ltr'>fuso,</span> <span class='ocrx_word' id='word_1_251' title='bbox 512 4069 567 4106; x_wconf 90' lang='lat' dir='ltr'>non</span> <span class='ocrx_word' id='word_1_252' title='bbox 586 4059 677 4106; x_wconf 83' lang='lat' dir='ltr'>autem</span> <span class='ocrx_word' id='word_1_253' title='bbox 698 4054 827 4112; x_wconf 84' lang='lat' dir='ltr'>rotaculo.</span> <span class='ocrx_word' id='word_1_254' title='bbox 846 4053 916 4119; x_wconf 90' lang='lat' dir='ltr'>quod</span> <span class='ocrx_word' id='word_1_255' title='bbox 941 4051 1035 4118; x_wconf 87' lang='lat' dir='ltr'>digitis</span> <span class='ocrx_word' id='word_1_256' title='bbox 1047 4067 1155 4118; x_wconf 85' lang='lat' dir='ltr'>prorsus</span> <span class='ocrx_word' id='word_1_257' title='bbox 1168 4052 1238 4104; x_wconf 89' lang='lat' dir='ltr'>nihil</span> <span class='ocrx_word' id='word_1_258' title='bbox 1251 4053 1322 4118; x_wconf 76' lang='lat' dir='ltr'>agit,</span> 
     </span>
     <span class='ocr_line' id='line_1_32' title="bbox 317 4136 543 4192; baseline -0.013 0"><span class='ocrx_word' id='word_1_259' title='bbox 317 4137 371 4192; x_wconf 90' lang='lat' dir='ltr'>nisi</span> <span class='ocrx_word' id='word_1_260' title='bbox 384 4137 448 4191; x_wconf 83' lang='lat' dir='ltr'>licia</span> <span class='ocrx_word' id='word_1_261' title='bbox 460 4136 543 4190; x_wconf 90' lang='lat' dir='ltr'>ducit.</span> 
     </span>
    </p>
   </div>
   <div class='ocr_carea' id='block_1_6' title="bbox 0 0 1766 5156">
    <p class='ocr_par' dir='ltr' id='par_1_6' title="bbox 0 0 1766 5156">
     <span class='ocr_line' id='line_1_33' title="bbox 0 0 1766 5156; baseline 0 3"><span class='ocrx_word' id='word_1_262' title='bbox 0 0 1766 5156; x_wconf 95' lang='lat' dir='ltr'> </span> 
     </span>
    </p>
   </div>
  </div>
 </body>
</html>
