3540 5156
674 986 780 1040 ouon
801 987 846 1039 uu
869 986 1006 1040 rsrcrm
1281 970 1342 1041 177

338 1153 523 1224 laetabunt!
546 1153 614 1237 Qui
627 1153 657 1223 si
670 1161 863 1237 parentum,
880 1160 920 1224 ut
935 1161 1080 1238 oportet,
1096 1153 1343 1237 pulchritudini

337 1271 561 1354 responderit,
577 1293 718 1354 prorsus
731 1271 862 1354 Cupido
876 1272 1067 1342 nascetur.”

421 1387 486 1470 Sic,
501 1387 683 1458 affectione
708 1389 877 1471 simulata,
907 1389 1073 1472 paulatim
1098 1389 1223 1458 sororis
1247 1389 1344 1460 inva-

338 1505 426 1575 dunt
440 1505 604 1574 animm.
620 1504 812 1588 Statimque
823 1527 882 1575 eas
892 1505 1091 1575 lassitudine
1102 1505 1169 1575 viae
1180 1505 1342 1576 sedilibus

336 1622 477 1704 refotas,
508 1629 545 1691 et
573 1621 775 1692 balnearum
803 1622 979 1705 vaporosis
1007 1623 1163 1693 fontibus
1193 1632 1342 1706 curatas,

337 1739 565 1822 pulcherrimo
575 1739 730 1822 triclinio,
745 1740 908 1823 mirisque
918 1739 983 1809 illis
993 1748 1029 1809 et
1039 1740 1149 1810 beatis
1160 1741 1342 1810 edulibus⁰⁰

336 1863 443 1941 atque
457 1855 607 1926 tucetis⁹1
622 1855 780 1927 oblectat.
797 1857 896 1926 Iubet
911 1857 1078 1926 citharam
1103 1857 1205 1940 loqui,
1232 1858 1341 1941 psalli-

337 1977 432 2056 tur,⁹²
446 1972 548 2042 tibias
561 1994 675 2056 agere,
700 1980 851 2057 sonatur,
875 1973 995 2044 choros
1017 1996 1150 2057 canere,
1171 1981 1340 2045 cantatur.

338 2092 425 2171 Quae
438 2089 532 2159 nullo
546 2096 715 2173 prasente
730 2099 854 2160 cuncta
876 2090 1078 2160 dulcissimis
1102 2093 1249 2163 modulis
1269 2093 1340 2162 ani·

335 2229 410 2277 mos
424 2205 637 2277 audientium
653 2207 895 2277 remulcebant.
907 2209 940 2278 N
942 2231 979 2278 ec
992 2217 1110 2278 tamen
1121 2211 1340 2280 scelestarum

336 2323 560 2394 foeminarum
574 2324 729 2406 nequitia
743 2324 799 2394 vel
813 2325 886 2404 ipsa
899 2326 1028 2394 mellita
1042 2329 1164 2396 cantus
1188 2327 1336 2396 dulcedi-

336 2463 381 2510 ne
406 2441 536 2510 mollita
561 2441 767 2524 conquievit,
790 2442 850 2510 sed
874 2442 915 2512 ad
941 2442 1146 2512 destinatam
1161 2444 1339 2513 fraudium

336 2557 517 2642 pedicamu
532 2579 706 2628 sermones
727 2559 954 2642 conferentes,
980 2558 1233 2630 dissimulanter
1256 2563 1340 2631 occi-

337 2675 438 2758 piunt
464 2673 624 2745 sciscitari
648 2675 757 2757 qualis
782 2675 813 2744 ei
835 2677 990 2758 maritus,
1004 2684 1041 2745 et
1055 2677 1146 2747 unde
1170 2679 1338 2748 natalium

336 2792 533 2862 soctacu1a⁹⁴
547 2791 780 2874 provenirent.

420 2909 519 2978 Tunc
548 2909 614 2990 illa,
645 2907 859 2991 simplicitate
888 2910 993 2979 nimia
1023 2910 1156 2992 pristini
1177 2913 1342 2982 sermonis

336 3025 451 3106 oblita,
466 3045 598 3093 novum
612 3031 870 3095 commentum⁹⁶
883 3026 1033 3108 instruit,
1048 3027 1163 3109 aitque
1176 3029 1339 3099 maritum

336 3163 440 3213 suum
454 3141 495 3211 de
511 3141 684 3224 provintia
697 3142 860 3224 proxima,
876 3143 1012 3226 magnis
1034 3145 1186 3226 pecuniis
1210 3147 1340 3229 negoti-

334 3260 547 3342 antemium
562 3256 713 3327 medium
728 3280 867 3329 cursum
890 3261 1002 3330 aetatis
1024 3282 1138 3344 agere,
1159 3261 1341 3347 intersper-

435 3461 477 3514 90.
494 3457 613 3522 Mults,
630 3474 667 3522 -e,
683 3460 756 3523 quod
770 3460 812 3512 edi
825 3466 928 3526 potest;
945 3459 1088 3522 edulium,
1110 3461 1154 3524 -ds‘,
1178 3469 1206 3516 et
1223 3461 1335 3528 edulio,

336 3559 445 3606 -oousm,
462 3543 581 3604 edibilis,
594 3558 664 3604 escs,
677 3543 762 3606 cibus,
779 3543 948 3597 alimentum.

435 3629 477 3680 91.
498 3623 647 3689 Pacatum,
663 3624 695 3688 -s',
708 3641 797 3692 genus
810 3626 972 3690 batulorum,
983 3628 1120 3691 hillarum,
1134 3629 1339 3710 decemuiris,

335 3710 474 3773 minutali,
490 3709 549 3762 sive
561 3724 643 3762 carne
655 3709 765 3762 concisa
777 3709 896 3772 effercta,
909 3711 1007 3764 farcta.

433 3795 475 3847 92.
493 3791 606 3855 Psallo,
631 3790 760 3854 cithara,
776 3796 832 3846 out
844 3791 958 3860 fidibus
976 3795 1090 3861 occino·
1108 3798 1238 3859 modulor,
1255 3804 1337 3851 canto

229 3877 233 3886 '
335 3879 370 3932 sd
383 3879 598 3931 instrumentum
610 3877 752 3929 musicum.

433 3962 475 4015 9³.
492 3959 611 4022 Pedias,
625 3974 669 4023 -as,
686 3959 833 4022 tendicula,
845 3961 966 4027 laqueus,
978 3962 1093 4016 insidiae.

434 4045 476 4098 94.
493 4041 658 4104 Sectasola,
682 4057 790 4105 -omm,
805 4057 949 4110 assequor,
970 4046 1042 4113 quod
1053 4048 1181 4112 procedit,
1204 4049 1337 4115 sequitur,

334 4143 462 4197 propago,
476 4127 567 4192 stirps,
581 4126 666 4192 origo.

436 4209 478 4264 95.
495 4210 681 4276 Figuratum
694 4209 826 4272 instituit,
839 4211 1055 4266 comminiscitur
1065 4213 1198 4268 fabulam.
