3554 5156
396 951 440 1023 88
787 971 888 1037 AQUA
908 971 1006 1026 vnn

397 1143 543 1219 poterat
564 1137 618 1211 Sic
632 1161 715 1224 ergo
730 1140 771 1211 fit
785 1141 901 1212 stultis
915 1141 1081 1226 superbis,
1096 1141 1157 1226 qui
1179 1142 1257 1225 plus
1278 1162 1396 1226 sapere

395 1253 459 1324 sibi
473 1257 691 1341 persuadent,
707 1279 812 1342 quam
827 1265 870 1329 ut
883 1259 1026 1331 aliorum
1040 1259 1180 1331 consilio
1194 1265 1329 1344 egeant.

481 1391 598 1472 Quum
610 1399 646 1463 et
661 1393 748 1463 alter
761 1391 851 1464 filius
871 1393 988 1478 regius
1000 1401 1073 1464 tam
1087 1393 1252 1465 diuturno
1265 1401 1395 1478 tempo·

395 1527 433 1577 re
447 1515 649 1591 morarehrr,
665 1509 755 1580 filius
768 1516 854 1580 natu
870 1510 1032 1580 minimus
1052 1510 1176 1581 statuit
1197 1512 1241 1582 ad
1263 1532 1396 1594 compa·

394 1624 538 1694 randam
552 1625 689 1708 Aquam
704 1626 795 1698 Vitae
809 1627 875 1698 iter
889 1628 1071 1712 suscipere,
1086 1649 1145 1712 spe
1160 1629 1274 1699 fretus
1288 1629 1396 1712 patris

394 1741 430 1810 in
445 1741 570 1812 bonam
585 1744 817 1815 valetudinem
832 1744 1055 1815 restaurandi.
1064 1745 1209 1816 Pumilio
1223 1745 1301 1816 huic
1312 1767 1395 1829 quo·

395 1879 462 1942 que
478 1861 625 1931 occurrit
640 1862 759 1933 eodem
775 1863 858 1944 loco,
882 1862 1108 1946 quaesivitque
1131 1884 1174 1932 ex
1196 1884 1257 1933 eo:
1279 1861 1396 1932 “Priu-

394 1997 485 2060 ceps,
520 1999 669 2060 quonam
704 1985 884 2063 tantopere
920 1978 1101 2050 festinas?”
1132 1979 1196 2050 Cui
1224 1979 1396 2064 Princeps,

395 2091 552 2176 “Aquam
567 2094 657 2165 Vitae
672 2096 855 2179 quaesitum
870 2097 935 2168 iter
950 2097 1092 2180 suscepi,
1108 2096 1200 2180 quod
1215 2105 1314 2180 pater
1326 2120 1396 2168 me·

395 2230 437 2279 us
462 2231 555 2295 aeger
577 2212 674 2294 iacet,
700 2235 886 2298 vereorque
909 2235 953 2284 ne
978 2214 1163 2296 moriatur;
1188 2249 1230 2259 -
1255 2221 1396 2298 potesne

395 2327 478 2397 mihi
490 2349 688 2400 succurrere
694 2331 729 2402 ?”

480 2460 676 2534 “Notumne
701 2465 764 2534 tibi
787 2465 846 2535 ubi
871 2487 913 2536 ea
938 2463 1079 2548 reperiri
1103 2464 1250 2547 possit?”
1272 2467 1396 2549 quaerit

395 2579 634 2652 homunculus.

480 2697 535 2769 “N
536 2720 580 2770 on
595 2701 682 2781 est;”
705 2700 880 2784 respondit
894 2699 1038 2770 iuvenis.

481 2814 785 2901 “Quandoquidem
800 2818 998 2887 humaniter
1008 2815 1092 2886 mihi
1101 2817 1314 2901 respondisti,
1322 2839 1400 2889 con·

396 2933 577 3016 siliumque
593 2955 708 3004 meum
722 2933 929 3018 expetivisti,
952 2933 1079 3004 docebo
1093 2941 1129 3005 te
1144 2935 1212 3017 quo
1226 2941 1263 3004 et
1282 2955 1398 3017 quem-

396 3051 580 3122 admodum
594 3049 656 3121 tibi
670 3051 823 3122 eundum
838 3051 892 3122 sit.
914 3051 1015 3134 Aqua
1029 3072 1133 3133 quam
1147 3051 1273 3134 quaeris
1287 3073 1307 3122 e
1321 3052 1396 3122 ion-

397 3175 433 3238 te
447 3167 566 3239 ebullit
580 3169 707 3240 castelli
722 3168 891 3251 fascinati,
907 3189 976 3252 quo
999 3175 1039 3238 ut
1062 3168 1113 3239 ire
1138 3189 1257 3239 secure
1280 3189 1395 3252 queas,

396 3286 496 3370 virga
509 3287 624 3358 ferrea
638 3294 674 3357 te
688 3285 830 3369 donabo,
852 3285 1055 3368 duobusque
1078 3285 1233 3368 panibus
1256 3285 1395 3356 Portam

395 3405 545 3475 ferream
559 3403 687 3475 castelli
701 3411 755 3473 ter
769 3403 869 3488 virga
883 3401 1063 3488 percuties,
1078 3422 1186 3486 quum
1200 3403 1257 3473 illa
1270 3403 1397 3486 pande·

396 3529 464 3592 tur.
486 3522 693 3592 Intrinsecus
708 3521 777 3592 duo
790 3520 939 3591 famelici
952 3520 1068 3591 leones
1080 3518 1251 3602 iacebunt,
1262 3518 1298 3588 in
1313 3539 1398 3604 prte-

397 3639 477 3710 dam
492 3638 642 3722 hiantes;
663 3638 691 3709 si
706 3659 764 3708 eos
778 3636 917 3709 obiectis
931 3635 1023 3707 hisce
1036 3635 1156 3720 pastis⁸
1170 3634 1345 3721 cibaveris,
1359 3643 1395 3707 ts

396 3757 572 3842 preterire
586 3755 716 3837 sinent;
737 3761 821 3826 tunc
842 3753 1038 3838 properabis
1062 3753 1106 3824 ad
1129 3754 1263 3825 iontem
1286 3753 1396 3836 Aqure

396 3875 496 3958 vitae,
510 3873 648 3944 hauries
661 3873 871 3956 aliquantam
885 3876 1072 3954 antequam
1086 3869 1299 3954 horologium
1313 3868 1397 3940 duo·

497 4127 522 4180 ³.
539 4123 641 4188 Postu,
666 4137 711 4187 -ar,
730 4123 838 4189 proprie
849 4127 892 4176 est
904 4119 1057 4184 intritum,
1073 4135 1161 4187 genus
1173 4120 1254 4186 gliris,
1271 4119 1397 4186 glutinis

395 4211 465 4266 item
478 4223 575 4276 eorpus
586 4207 675 4275 panis,
690 4203 825 4274 pastillo.
