3522 5156
416 963 457 1032 10
749 977 918 1034 cucuriali
931 977 1106 1034 niumm

497 1145 608 1216 Mater
622 1145 782 1216 Aladdini
796 1145 880 1216 risit.
904 1145 1021 1218 “Num
1042 1146 1167 1218 oblitus
1181 1148 1249 1230 ee,’'
1265 1149 1412 1234 denique

414 1271 525 1334 mater
539 1285 619 1334 enm
634 1263 806 1347 admonet,
822 1261 977 1347 “patrem
991 1270 1094 1335 tuum
1108 1263 1191 1336 nihil
1217 1265 1282 1337 nisi
1305 1274 1413 1338 sarto·

414 1403 487 1451 rem
499 1381 759 1465 pauperrimum
773 1380 900 1452 tuisse?
920 1381 976 1451 An
1000 1382 1110 1452 nescis
1132 1380 1314 1454 Sultanum
1338 1406 1414 1468 pre-

412 1499 594 1569 tiosissima
608 1499 697 1570 dona
710 1498 1008 1582 exspectaturum?
1023 1499 1196 1580 Quidnam
1207 1506 1262 1583 tn,
1287 1501 1334 1572 mi
1355 1501 1414 1584 fili,

412 1616 503 1700 quod
518 1616 646 1686 donare
661 1616 769 1700 possis
782 1615 904 1686 habes?
919 1615 1038 1686 Filiam
1055 1615 1186 1688 Sultani
1200 1617 1263 1689 tibi
1276 1618 1313 1688 in
1327 1639 1412 1690 uxo-

411 1755 485 1804 rem
499 1756 564 1817 ego
577 1733 671 1804 nullo
684 1735 786 1804 modo
799 1740 960 1818 expetere
975 1735 1145 1816 possum?

496 1851 661 1921 Attamen
675 1851 865 1922 Aladdinus
889 1858 1096 1935 perseverat.
1123 1851 1242 1924 Monet
1266 1860 1413 1924 matrem

410 1969 548 2040 fructus
561 1969 722 2051 curiosos,
737 1989 822 2052 quos
836 1969 916 2039 olim
930 1990 1047 2040 aecum
1061 1971 1202 2052 tulerat,
1215 1968 1308 2041 haud
1320 1970 1413 2042 aliud

411 2107 516 2170 quam
523 2107 687 2171 gemmas,
698 2092 735 2156 et
744 2086 884 2156 maximi
893 2086 1031 2169 quidem
1041 2087 1152 2171 pretii,
1157 2107 1240 2170 esse,
1249 2087 1411 2171 quoniam

410 2225 453 2274 ex
468 2225 509 2274 eo
524 2211 678 2286 tempore
693 2204 776 2274 ratis
790 2224 869 2274 curn
883 2204 1080 2287 gemmariis
1090 2205 1125 2275 in
1136 2204 1223 2275 urbe
1233 2211 1411 2275 versatum

409 2321 454 2393 ab
468 2322 510 2393 iis
522 2321 672 2405 pretium
686 2343 903 2406 gemmarum
918 2343 955 2392 se
970 2321 1132 2392 edoctum
1158 2343 1246 2405 esse3
1268 2322 1410 2406 proinde

408 2438 570 2522 instabat,
584 2445 626 2510 nt
640 2445 753 2509 mater
765 2460 825 2510 cas
839 2437 982 2510 Snltano
994 2440 1146 2523 offerret,
1162 2446 1198 2510 et
1212 2439 1317 2510 filiam
1335 2440 1411 2511 eins

409 2556 474 2628 sibi
487 2556 522 2626 in
536 2578 679 2627 uxorem
699 2555 907 2640 deposceret

491 2672 656 2757 Tandem,
673 2679 713 2744 ut
728 2673 882 2745 animum
906 2675 983 2744 eius
996 2673 1200 2758 conciliaret,
1214 2675 1320 2746 vidua
1334 2695 1410 2759 pro

409 2791 505 2862 divit.
521 2791 681 2862 Gemmas
692 2791 729 2860 in
743 2813 807 2862 vas
820 2791 1036 2875 myrrhinum
1050 2791 1222 2876 imposuit,
1247 2794 1411 2876 mappula

408 2931 467 2981 eos
480 2908 621 2992 obtexit,
634 2916 670 2980 et
685 2909 733 2979 sic
747 2908 916 2980 instructa
930 2909 1098 2980 adversus
1126 2908 1257 2993 regiam
1277 2908 1410 2981 Sultnni

407 3027 563 3112 profecta
577 3033 639 3098 est
665 3025 796 3096 Ibidem
810 3026 845 3095 in
860 3026 1117 3109 praestolatorio,
1132 3048 1212 3098 cum
1226 3027 1300 3097 aliis
1323 3027 1410 3097 mul·

408 3145 463 3227 tis,
475 3144 534 3214 diu
549 3143 779 3227 exspectatum
801 3164 902 3213 nemo
923 3150 1039 3214 tamen
1064 3165 1141 3215 earn
1156 3145 1325 3216 allocutus
1344 3151 1409 3228 cat,

406 3261 504 3345 proin
518 3260 662 3331 domum
676 3281 814 3331 reversa
828 3267 891 3343 est,
907 3260 967 3331 sed
981 3260 1066 3332 alias
1074 3261 1202 3332 iterum
1212 3260 1346 3332 redivit.
1357 3261 1408 3332 De

407 3377 463 3447 die
477 3377 513 3447 in
528 3377 619 3448 diem
632 3377 723 3448 idem
737 3398 873 3459 semper
884 3376 999 3460 fiebat,
1013 3383 1140 3461 tamen,
1162 3377 1320 3462 denique,
1334 3377 1409 3449 Sul·

408 3502 512 3566 tanus
525 3494 791 3578 percontabatur
805 3516 885 3579 quae
907 3495 964 3565 illa
985 3516 1073 3566 anus
1098 3502 1198 3578 esset,
1224 3517 1304 3580 qnae
1328 3518 1408 3568 cum

407 3635 471 3684 suo
501 3612 675 3696 manipulo
705 3611 892 3683 identidem
920 3612 1042 3683 eodem
1055 3611 1130 3683 loco
1154 3619 1246 3684 stare
1271 3613 1407 3697 soleret,

407 3729 559 3814 quidque
572 3729 637 3800 sibi
651 3729 765 3800 vellet.
781 3729 892 3799 Aulici
906 3729 1024 3813 itaque
1038 3750 1116 3799 earn
1140 3751 1256 3800 coram
1281 3730 1406 3814 produ·

406 3851 544 3928 xerunt,
558 3866 638 3929 quae
652 3845 731 3916 dein
746 3867 783 3916 se
795 3853 878 3916 ante
893 3843 1075 3916 sultanum
1098 3846 1133 3915 in
1159 3867 1275 3930 genua
1299 3847 1409 3931 proie-

409 3963 467 4047 cit,
491 3984 646 4047 gemmas
675 3963 710 4032 in
739 3962 867 4033 donum
888 3963 1023 4046 obtulit,
1044 3963 1228 4048 verbisque
1251 3965 1408 4036 tremulis

405 4081 586 4165 flagitavit,
601 4089 721 4151 utrum
736 4080 805 4151 filio
820 4081 988 4152 Aladdino
1001 4080 1105 4151 filiam
1120 4081 1252 4164 regiam
1267 4081 1303 4152 in
1324 4103 1408 4153 nxo-

407 4219 481 4269 rem
494 4197 678 4282 impetrare
693 4197 820 4269 liceret.
