3522 5156
728 960 923 1016 o1u1scu1n
1285 945 1327 1014 33

326 1147 433 1196 comae
447 1147 520 1196 suae
540 1127 836 1211 concinnarentur,
860 1128 1052 1210 quibusque
1077 1127 1266 1198 munditiis
1291 1149 1328 1198 se

327 1242 544 1314 adornarent.
566 1243 649 1314 Haec
664 1245 778 1314 omnia
794 1245 913 1329 utique
928 1246 1123 1329 praenuntia
1147 1251 1247 1316 erant
1270 1267 1328 1316 au·

325 1360 516 1444 gendorum
530 1360 709 1432 Cinisculae
723 1361 889 1432 laborum.
907 1363 991 1434 Eius
1001 1364 1092 1434 enim
1103 1370 1178 1433 erat
1190 1362 1327 1433 illarum

323 1476 784 1561 indusiu⁹a1baqueeuncta
808 1479 934 1562 lavare,
960 1481 1097 1564 amylo¹⁰
1121 1479 1266 1565 tingere,
1287 1501 1327 1550 ac

324 1594 417 1664 ferro
432 1595 604 1678 laevigare,
620 1601 726 1679 atque
740 1595 892 1679 insuper,
907 1597 1020 1680 puella
1034 1597 1084 1667 ita
1097 1605 1173 1668 erat
1187 1619 1328 1682 genero

325 1733 364 1783 sa
376 1733 416 1782 ac
430 1712 585 1795 liberalis,
599 1718 641 1783 ut
655 1719 691 1783 et
704 1733 820 1784 comas
841 1735 961 1784 earum
987 1735 1024 1784 se
1045 1714 1328 1785 concinnatorum

323 1829 415 1899 ultro
428 1829 579 1912 offerret,
595 1828 686 1913 quod
703 1835 814 1900 artem
825 1836 1079 1902 cosmeturum¹1
1094 1831 1196 1916 longe
1206 1831 1329 1902 melius

325 1967 430 2030 quam
444 1945 510 2016 illre
524 1946 677 2017 callebat

407 2112 546 2186 Sorores
559 2135 632 2184 suae
645 2116 843 2186 novercales
856 2137 917 2200 per
931 2116 1072 2188 biduum
1082 2117 1194 2189 inedie
1208 2139 1245 2188 se
1260 2139 1329 2189 ma·

322 2237 493 2314 cerarunt,
506 2230 641 2301 lumbos
655 2238 748 2302 arcte
770 2239 1052 2317 coangustatum,
1066 2241 1107 2304 ut
1122 2256 1163 2305 eo
1177 2234 1330 2318 gracilio

323 2369 379 2419 res
392 2369 465 2418 esse
488 2347 709 2430 viderentur3
730 2355 847 2433 atque,
870 2350 1020 2434 tandem,
1047 2373 1154 2435 quum
1181 2351 1236 2422 ille
1258 2351 1330 2422 dies

323 2463 443 2547 illuxit,
473 2463 644 2535 ciniscula
657 2465 693 2534 in
708 2463 881 2538 induendo
907 2474 1011 2551 atque
1037 2467 1236 2538 adornando
1261 2489 1329 2550 eas,

322 2581 482 2653 omnibus
496 2582 567 2652 suis
577 2582 764 2665 munditiis,
775 2584 993 2668 crinibusque
1003 2585 1246 2656 concinnandis
1256 2587 1329 2669 ipsa

321 2699 431 2769 omnis
444 2697 525 2768 fuit.
547 2699 628 2768 Post
649 2698 723 2768 haec
748 2701 862 2770 omnia
886 2700 1056 2772 Ciniscula
1081 2702 1173 2773 dorni
1198 2703 1327 2787 relicta,

321 2815 515 2899 pilentum¹²
529 2837 650 2885 earum
665 2837 685 2884 e
700 2817 887 2901 longinquo
913 2819 1153 2903 prospectarit,
1178 2841 1217 2890 ac
1243 2827 1327 2892 tunc

320 2932 465 3017 denique
479 2932 642 3015 consedit,
657 2931 808 3017 llereque
836 2933 949 3018 coepit.
976 2935 1033 3017 At,
1058 2935 1196 3006 interim
1221 2958 1326 3020 quem

418 3269 443 3320 8.
459 3265 628 3332 Munditiis,
649 3283 761 3332 urum,
787 3270 950 3323 indumenta
974 3271 1127 3334 muliebris,
1146 3279 1267 3335 ornatur,
1286 3280 1324 3327 te·

324 3349 443 3404 nuinrla.

418 3466 442 3514 9.
459 3449 627 3516 [mudum.
644 3451 691 3516 -ii,
706 3453 791 3508 vestis
803 3453 891 3506 lintea
904 3456 1052 3508 mulierum
1064 3455 1174 3518 intima,
1186 3462 1217 3509 ut
1234 3455 1323 3510 subu-

321 3531 394 3588 culo
408 3541 474 3588 sunt
491 3535 623 3589 virorum.

419 3636 461 3688 1o.
482 3632 634 3702 Asuuium,
652 3635 685 3701 -o',
701 3643 744 3691 est
754 3637 855 3704 pulvis,
879 3639 925 3693 vel
946 3639 1047 3703 fanus
1059 3655 1122 3707 quae
1133 3639 1158 3694 si
1169 3655 1243 3704 aqua
1256 3642 1324 3695 dilu-

319 3725 390 3780 atur,
400 3718 543 3783 linteaque
560 3719 605 3772 illi
621 3721 807 3788 intingantur,
828 3723 1002 3784 screscentiu,
1022 3723 1082 3777 slve
1093 3723 1174 3786 sicca,
1186 3725 1273 3778 lintea
1290 3726 1325 3779 ri·

320 3803 385 3870 gidc
395 3802 489 3864 efficit,
502 3803 545 3856 uti
556 3809 621 3856 suut
634 3803 755 3858 collrrin.

419 3906 461 3956 11.
479 3901 624 3968 Cornucio,
641 3920 686 3970 oc,
701 3911 744 3960 est
755 3907 855 3973 puella,
868 3907 980 3970 ancilla,
1003 3915 1053 3962 cut
1074 3921 1246 3977 quecunque
1266 3912 1323 3966 sliu

318 3989 425 4050 mulier,
439 4001 502 4051 que
513 3987 627 4054 capillos
638 3989 783 4044 mulierum
807 3991 893 4053 lavat,
912 3993 1049 4058 perungit,
1066 3991 1191 4054 derncat.
1211 3994 1322 4048 calumi-

320 4077 397 4134 strst
411 4071 569 4126 concinnet.

421 4175 464 4226 12.
480 4171 637 4228 Curriculur
649 4174 728 4236 levis,
740 4174 833 4228 rheda.
