3522 5156
423 980 465 1050 36
828 992 1019 1048 cnuscum

422 1161 551 1246 scipula
572 1161 637 1246 glis
657 1167 779 1245 captus
792 1181 862 1230 non
891 1159 945 1230 sit.
967 1157 1003 1231 Si
1028 1165 1091 1242 est,
1117 1159 1268 1229 mutabis
1289 1180 1369 1229 eum
1391 1158 1427 1228 in

423 1279 615 1363 aurigam?

506 1395 674 1479 “Placet'’
703 1393 879 1478 respondit
903 1392 959 1464 dia
982 1393 1141 1476 matrina,
1157 1391 1362 1464 “curredum
1392 1399 1428 1463 et

423 1513 535 1585 ride.”

505 1629 674 1701 Ciniseula
688 1649 768 1699 cum
783 1627 974 1711 muscipula
989 1626 1087 1710 redit,
1097 1625 1209 1697 tribus
1222 1626 1357 1711 magnis
1365 1627 1429 1711 gli·

423 1746 518 1818 ribus
532 1747 568 1816 in
584 1767 634 1816 ea
657 1745 801 1816 Glirium
815 1765 908 1816 unus
923 1749 998 1815 erat
1013 1743 1101 1814 bene
1117 1743 1299 1827 barbatus;
1312 1743 1429 1814 matri·

422 1885 467 1936 no
482 1885 562 1934 eum
578 1863 679 1946 virgo
692 1861 902 1944 attrectavit,
924 1860 984 1944 qui
1005 1861 1163 1945 protinus
1186 1860 1222 1930 in
1247 1860 1427 1932 robustum

421 2001 543 2052 versus
573 1987 626 2051 est
653 1980 822 2062 aurigam,
852 1978 957 2062 largis
977 1977 1154 2061 utrimque
1182 1978 1429 2062 mystaeibus¹l

423 2097 548 2182 quibus
562 2096 688 2168 similes
702 2096 761 2166 vix
775 2115 922 2178 usquam
935 2093 1072 2166 videris.

506 2213 569 2284 Dia
583 2233 684 2297 porro
699 2213 747 2282 sie
760 2211 1050 2296 prosequebatur:

507 2329 630 2400 “Prodi
644 2329 770 2400 iterum
795 2329 830 2398 in
855 2329 1006 2412 hortum,
1032 2329 1227 2413 affertoque
1250 2329 1334 2399 mihi
1355 2329 1430 2400 illas

422 2469 482 2519 sex
495 2448 677 2530 lacertas‚¹⁸
693 2467 778 2530 quas
792 2467 880 2530 pone
895 2445 1130 2517 nasitenram1⁹
1144 2446 1324 2530 reperies”

505 2563 673 2635 Ciniscula
687 2562 771 2633 iecit
786 2562 879 2646 quod
905 2563 999 2633 iussa
1024 2569 1087 2646 est,
1111 2563 1230 2633 attubt
1252 2584 1321 2646 eas,
1343 2583 1429 2648 quas

422 2681 573 2752 matrina
586 2681 622 2750 in
635 2702 696 2751 sex
710 2679 913 2764 pedisequos
926 2680 1094 2763 mutavit;
1110 2679 1236 2764 singuli
1250 2679 1430 2764 synthesi²⁰

421 2795 628 2868 flavo-viridi
643 2803 743 2867 erant
763 2795 886 2878 induti,
902 2795 962 2878 qui
977 2817 1096 2867 omnes
1109 2796 1145 2867 in
1160 2797 1328 2880 posticum
1353 2797 1431 2867 rbe-

423 2913 478 2984 dae
492 2913 632 2997 podium
647 2912 878 2984 subsilierunt.

507 3029 598 3101 “Isto
623 3029 772 3114 denique
796 3027 955 3099 modoad
970 3029 1117 3099 ballistia¹
1141 3029 1307 3112 veheris,”
1333 3031 1431 3101 doce·

422 3147 482 3218 bat
496 3169 573 3218 eam
588 3147 745 3216 matrina
761 3143 907 3215 “Nonne
921 3152 997 3216 tute
1012 3145 1096 3216 mihi
1110 3145 1296 3217 admodum
1310 3147 1431 3218 obstri-

421 3271 513 3334 ctam
533 3263 677 3334 sentis?”

524 3481 564 3534 17.
584 3481 672 3534 Barba
683 3479 831 3546 superioria
849 3481 925 3534 labii.

524 3566 565 3618 18.
582 3563 720 3628 Lacerta,
737 3579 783 3628 -ω,
798 3564 944 3631 parvulum
955 3564 1059 3618 animsl
1082 3565 1247 3631 quadrupes,
1262 3565 1291 3617 in
1303 3565 1433 3619 rimllltu.

426 3647 518 3701 dinem
543 3647 681 3709 crocodili.
692 3648 740 3702 sed
751 3647 782 3700 ln
794 3653 875 3710 terra,
891 3663 948 3701 non
961 3648 992 3700 in
1004 3663 1075 3715 aqua
1099 3648 1181 3710 vivit,
1204 3648 1305 3702 coloris
1325 3648 1431 3708 viridis.

430 3732 556 3796 alioquin
568 3731 728 3786 innocuum.

525 3817 566 3869 19.
583 3813 759 3879 Nositerno,
774 3830 820 3878 -ω,
837 3820 880 3868 est
891 3829 947 3877 var,
960 3816 1064 3869 nostris
1077 3815 1245 3882 temporibus
1256 3831 1372 3880 aeneum,
1384 3833 1433 3870 an·

423 3899 542 3966 tiquitur
565 3899 720 3966 ugulinum,
740 3899 799 3953 sive
811 3904 973 3960 testaceum,
992 3915 1046 3966 quo
1058 3899 1174 3966 aquaad
1185 3898 1332 3966 rigandum
1356 3899 1434 3966 plan·

426 3987 472 4036 tas
484 3983 649 4048 comportari
663 3983 741 4036 solet

527 4066 570 4118 20.
589 4063 756 4132 sportam,
772 4063 822 4129 4¹⁸,
837 4065 866 4128 f..
879 4065 1011 4119 Romanis
1028 4065 1221 4120 indumentum
1239 4065 1296 4120 fuit
1313 4067 1435 4122 formale

425 4147 509 4203 certis
519 4147 643 4214 personis
653 4164 686 4201 ac
697 4147 765 4202 locis
778 4149 1021 4210 accommodatum
1030 4150 1078 4202 sed
1089 4155 1214 4203 nostrum
1227 4165 1317 4204 aevum
1331 4151 1358 4204 id
1376 4151 1432 4206 iam

426 4231 528 4286 dudum
540 4230 573 4284 de
584 4231 751 4285 vestimento
763 4231 883 4292 iormall,
893 4230 1035 4294 uniformi,
1045 4238 1167 4298 usurpat.
