3540 5156
666 898 772 952 nuon
792 898 841 950 ur
862 897 997 953 rsrcun
1268 881 1328 952 191

331 1065 428 1136 bonis
452 1065 496 1136 ad
521 1065 781 1135 instructionem
804 1065 905 1134 istam
930 1064 1117 1149 quidquam
1131 1087 1330 1136 concessum

331 1191 399 1266 est;
421 1182 481 1253 sed
496 1184 584 1254 male
599 1182 710 1266 prima
724 1182 872 1266 pueritia
893 1182 1084 1253 instructus
1098 1204 1145 1266 es,
1160 1190 1196 1253 et
1210 1191 1330 1253 acutas

330 1322 454 1370 manus
478 1300 592 1383 habes,
618 1307 655 1370 et
679 1301 825 1370 maiores
839 1306 919 1370 tuos
932 1301 1161 1370 irreverenter
1186 1302 1329 1384 pulsasti

329 1419 441 1501 toties,
467 1425 503 1488 et
527 1418 634 1500 ipsam
661 1425 807 1487 matrem
831 1423 939 1500 tuam,
961 1438 1026 1500 me,
1047 1418 1199 1501 inquam,
1220 1419 1329 1502 ipsam

330 1535 506 1619 parricida,
521 1534 713 1604 denudas¹²⁵
727 1534 888 1618 quotidie,
912 1541 948 1604 et
974 1535 1169 1617 percussisti
1194 1537 1329 1620 saepius,

329 1660 366 1722 et
391 1652 488 1736 quasi
513 1652 654 1722 viduam
679 1652 799 1735 utique
824 1652 1022 1734 contemnis,
1046 1675 1109 1722 nec
1131 1653 1330 1725 vitricumffl

329 1777 441 1852 tuum,
465 1770 691 1840 fortissimum
712 1770 817 1852 illum,
839 1770 1094 1853 maximumque
1119 1770 1328 1855 bellatorem,

330 1887 463 1956 metuis.
487 1887 628 1970 Quidni?
643 1909 746 1970 quem
762 1886 805 1956 ad
821 1908 875 1955 me
889 1886 1081 1957 vexandam
1103 1888 1229 1971 saepius
1250 1895 1329 1960 tuos

329 2024 441 2074 mores
464 2003 586 2074 docere
611 2003 798 2086 suscepisti.
822 2002 888 2073 Sed
912 2004 1032 2073 raxam
1053 2011 1089 2073 te
1109 2005 1206 2074 lusus
1227 2005 1329 2075 huius

330 2121 505 2203 poeniteat,
520 2136 556 2190 et
569 2120 695 2190 sentias
709 2119 805 2190 acida
818 2126 854 2188 et
869 2141 986 2189 amara
999 2120 1073 2190 ioca
1087 2121 1153 2190 ista
1167 2128 1239 2191 tua.
1261 2121 1326 2192 Sed

328 2259 421 2307 nunc
443 2237 557 2307 irrisui
580 2237 698 2307 habita
721 2237 803 2320 quid
829 2238 952 2319 agam?
982 2259 1051 2320 quo
1064 2259 1120 2306 me
1134 2239 1326 2308 conferam?

327 2354 452 2439 quibus
465 2354 575 2424 modis
588 2354 815 2424 stellionem¹²8
829 2353 934 2422 istum
949 2353 1146 2425 cohibeam?
1161 2355 1326 2424 Petamne

328 2471 492 2541 auxilium
507 2472 552 2541 ab
568 2472 705 2541 inimica
720 2493 806 2553 mea,
832 2470 1032 2549 Sobrietate,
1059 2493 1160 2554 quam
1187 2480 1329 2556 propter

328 2588 432 2659 huius
454 2589 563 2672 ipsius
586 2589 757 2658 luxuriam
782 2588 909 2658 offendi
935 2589 1076 2672 sapius?
1100 2595 1163 2658 aut
1191 2591 1328 2660 rusticae

326 2707 580 2790 squalentisque
601 2707 755 2777 foeminae
777 2706 982 2790 colloquium
1002 2706 1231 2777 adhibendum
1253 2711 1327 2778 est?

326 2823 509 2904 Horresc0;
531 2845 594 2893 nec
607 2831 723 2893 tamen
738 2823 898 2893 vindictae
913 2823 1070 2892 solatium
1085 2831 1222 2894 tantum
1234 2847 1326 2908 sper·

323 2940 476 3012 nendum
487 2950 549 3012 est.
571 2942 632 3011 llla
647 2941 728 3010 mihi
744 2962 883 3024 prorsus
897 2939 1089 3009 adhibenda
1102 2947 1165 3023 est,
1183 2963 1246 3011 nec
1256 2943 1326 3013 ulla

324 3058 399 3140 alia,
414 3080 493 3141 quae
506 3059 651 3143 castiget
665 3059 852 3141 asperrime
868 3079 1043 3140 nugonem
1057 3057 1180 3141 istum;
1202 3058 1323 3142 phare·

322 3183 413 3247 tram
428 3177 564 3259 expilet,
578 3184 614 3246 et
628 3175 773 3259 sagittas
787 3177 951 3256 dearmet,
963 3196 1082 3244 arcum
1096 3174 1254 3258 denodet,
1265 3183 1325 3247 tae-

324 3293 403 3363 dam
416 3293 621 3377 deflammet,
635 3294 703 3362 imo
718 3300 754 3362 et
767 3293 878 3375 ipsum
893 3313 1017 3375 corpus
1041 3292 1116 3362 eius
1138 3293 1325 3364 acrioribus

322 3391 481 3481 remediis
495 3417 659 3481 coerceat.
686 3411 785 3481 Tunc
799 3409 933 3479 iniuriae
949 3431 1035 3478 meae
1049 3407 1191 3480 libatum
1218 3410 1322 3480 credi·

422 3629 480 3682 125.
497 3628 591 3691 Tollis,
606 3630 700 3682 aufers
713 3645 801 3681 meum
821 3628 1021 3680 auctoritatem.

421 3713 478 3764 12⁶.
496 3713 638 3766 Secundus
651 3711 766 3765 moritura
777 3711 899 3778 prolibus
912 3718 954 3764 est
966 3709 1103 3764 vitrum.

422 3797 479 3849 127.
496 3794 588 3860 Faxo,
604 3797 725 3850 obsoleta
735 3797 826 3848 torma
842 3811 891 3861 pro
898 3793 1025 3861 sociam,
1045 3800 1074 3848 et
1089 3793 1199 3861 seuero,
1225 3801 1321 3849 tamen

323 3893 395 3944 saepe
408 3877 562 3932 adhibetur.

421 3965 478 4016 128.
495 3963 619 4029 Proprie:
637 3963 740 4016 lacerta
753 3962 872 4024 stellata,
893 3963 1090 4016 animalculum
1110 3963 1141 4015 in
1161 3963 1251 4028 specie
1267 3979 1324 4016 cro-

321 4049 411 4112 codili,
423 4048 471 4100 sed
483 4048 642 4110 innocuum,
659 4047 751 4114 qualia
763 4047 792 4099 in
806 4047 895 4100 hortis
907 4047 1052 4107 visuntur;
1066 4045 1157 4098 latiori
1171 4063 1261 4108 sensu,
1274 4061 1322 4099 ne·

321 4133 395 4194 bulo,
408 4132 492 4192 lurco,
504 4147 601 4196 ganeo.
