3540 5156
646 997 750 1054 huon
770 999 816 1054 m
838 999 973 1054 osvo!
1249 984 1311 1056 163

309 1165 437 1237 tium⁴²
452 1166 579 1237 Mirum
593 1187 750 1250 prorsum
765 1188 902 1250 magnae
922 1167 1006 1238 artis
1029 1167 1217 1238 subtilitate
1239 1175 1314 1239 tan·

308 1289 388 1356 tum
413 1283 572 1354 efferavit
595 1291 790 1368 argentum.
812 1284 996 1355 Enimvero
1021 1285 1218 1370 pavimenta
1239 1284 1314 1370 ipsa

309 1401 422 1486 lapide
447 1400 606 1485 pretioso,
632 1401 771 1472 caesim⁴⁸
795 1400 973 1484 diminuto,
998 1401 1034 1473 in
1058 1403 1155 1473 varia
1168 1403 1314 1488 picturae

306 1540 440 1603 genera
462 1517 749 1588 discriminantur.
778 1518 1019 1603 Vehementer,
1040 1518 1167 1590 iterum
1189 1541 1229 1590 ac
1253 1542 1315 1591 sae·

309 1636 389 1720 pius
399 1635 519 1706 beatos
533 1635 617 1719 illos,
629 1635 688 1718 qui
699 1656 802 1719 super
812 1657 967 1719 gemmas
976 1643 1012 1706 et
1021 1636 1159 1708 monilia
1173 1638 1315 1710 calcant

395 1753 468 1822 lam
483 1758 617 1822 caeterae
632 1759 748 1836 partes
772 1753 874 1837 longe
899 1754 1038 1837 lateque
1061 1753 1233 1838 dispositae
1255 1756 1313 1826 do·

308 1871 399 1953 mus,
424 1870 497 1940 sine
523 1869 632 1954 pretio
657 1869 826 1954 pretiosae,
850 1870 983 1953 totique
1007 1871 1155 1955 parietes
1179 1871 1314 1944 solidati

309 1987 431 2058 massis
444 1986 569 2066 aureis,
585 1986 763 2069 splendore
782 1987 918 2070 proprio
940 1995 1131 2072 coruscant,
1157 1995 1199 2060 ut
1221 1990 1313 2060 diem

306 2125 413 2176 suum
427 2103 489 2174 sibi
505 2104 627 2174 domus
641 2104 757 2184 iaciat,
779 2103 856 2173 licet
878 2104 947 2174 sole
972 2105 1127 2187 nolente;
1150 2106 1197 2176 sic
1221 2107 1315 2177 cubi-

306 2221 396 2304 cula,
411 2219 458 2291 sic
473 2220 660 2304 porticus,⁴⁴
675 2220 722 2290 sic
736 2220 819 2304 ipsae
833 2221 944 2290 valvae
958 2221 1151 2303 fulgurant.
1173 2223 1246 2293 Nec
1261 2246 1312 2294 se-

305 2337 381 2408 cius
404 2358 486 2421 opes
509 2343 644 2406 caeterae
672 2335 842 2406 maiestati
875 2336 996 2407 domds
1024 2339 1248 2421 respondent:
1270 2346 1311 2411 ut

306 2454 467 2538 equidem
483 2453 565 2523 illud
581 2460 673 2523 recte
688 2453 847 2522 videatur
869 2453 913 2523 ad
936 2455 1229 2526 conversationem
1249 2457 1314 2528 hu-

306 2593 447 2642 manam
460 2591 587 2654 magno
603 2571 676 2640 lovi
689 2569 898 2640 fabricatum
913 2572 1049 2640 coeleste
1064 2571 1240 2655 palatium.

393 2688 543 2759 Invitata
574 2688 704 2771 Psyche
740 2689 861 2758 talium
896 2689 1048 2758 locorum
1076 2688 1310 2775 oblectatione,

305 2805 448 2892 propius
460 2805 612 2888 accessit,
626 2811 662 2874 et
673 2804 788 2888 paullo
808 2805 977 2888 fidentior,
1000 2805 1092 2876 intra
1114 2807 1217 2877 limen
1238 2831 1312 2880 sese

304 2924 402 2995 facit
424 2923 505 2993 Mox
520 2923 757 3006 prolectante⁴⁵
778 2922 892 2992 studio
912 2922 1150 3005 pulcherrimae
1172 2925 1313 2999 visionis

407 3143 449 3196 42
466 3143 523 3195 Hoc
537 3147 593 3195 est:
611 3141 726 3194 Tectum
746 3141 907 3195 interius-
920 3141 1041 3205 laquear,
1059 3143 1172 3196 lacunar
1184 3170 1218 3179 -
1229 3145 1308 3220 aulas,

303 3223 336 3278 in
349 3226 481 3292 quadrata
494 3225 600 3279 minora
612 3225 737 3287 divisum,
756 3223 835 3292 lipsio
848 3225 942 3286 citreo,
954 3230 982 3277 et
995 3225 1075 3278 ebore
1088 3253 1119 3262 —
1132 3223 1205 3279 ebur
1218 3233 1309 3281 autem

304 3315 349 3363 eat
362 3311 430 3363 dens
443 3309 582 3375 elephanti
596 3337 628 3346 -
640 3315 699 3362 erat
710 3309 872 3362 distinctum
883 3324 964 3374 opere
980 3309 1096 3371 musivo;
1116 3307 1164 3362 bis
1183 3311 1309 3374 subeunt,

303 3393 340 3446 ad
353 3393 413 3446 hare
425 3393 612 3454 eommunia
627 3392 755 3445 videlicet
767 3407 856 3444 aurete
868 3393 1010 3454 columnam
1024 3393 1142 3459 parietes
1151 3393 1180 3446 in
1192 3394 1309 3448 circuitu

303 3476 417 3530 laminis
430 3477 568 3542 argenteis
581 3476 696 3538 caelatis,
713 3475 816 3536 incisis,
830 3475 944 3540 sculptis
964 3475 1062 3539 (caelus
1081 3481 1123 3529 est
1142 3477 1308 3530 instrumen-

303 3565 365 3612 tum
378 3559 572 3626 sculptorum);
586 3559 690 3612 caslatae
703 3565 794 3612 autem
808 3565 886 3611 erant
898 3559 993 3624 figurae
1006 3559 1164 3622 bestiarum,
1176 3561 1306 3624 imarum,

302 3659 366 3710 qma
377 3643 498 3696 vultibus
509 3643 652 3706 oculisque
665 3643 828 3696 intrantium
839 3642 960 3695 minaces
971 3643 1146 3709 apparebant.

405 3727 447 3779 43.
465 3726 582 3792 Lapides
593 3727 713 3793 pretiosi,
724 3731 756 3778 ut
768 3731 842 3792 puta,
865 3741 946 3791 onyx,
966 3725 995 3778 in
1017 3727 1138 3780 minutas
1160 3728 1310 3793 particulae

301 3809 376 3872 cresi,
390 3810 501 3872 concisi,
516 3811 584 3863 secti
598 3810 627 3862 in
640 3809 826 3876 quadraturas,
844 3809 1006 3875 triangulos,
1026 3810 1149 3872 circulos,
1171 3811 1308 3864 variomm

302 3893 433 3954 colorum,
445 3899 476 3946 ut
488 3894 520 3946 fit
533 3893 562 3946 in
575 3909 656 3960 opere
667 3893 782 3945 musivo.

403 3979 446 4030 44.
463 3977 514 4030 liic
528 3994 575 4044 per
586 3975 737 4044 porticum
754 3977 921 4043 intelligitur
933 3977 961 4030 id
973 3977 1044 4044 quod
1055 3978 1136 4031 hodie
1149 3976 1305 4043 ambitum,

299 4058 485 4127 slvesouoes,
501 4061 677 4127 appellamus,
695 4061 767 4113 unde
787 4061 926 4124 utrimque
938 4061 1077 4126 ingressus
1086 4061 1119 4114 fit
1131 4060 1161 4113 in
1175 4062 1309 4115 cubicula.

306 4141 406 4198 Valvas
418 4150 511 4197 autem
525 4145 591 4211 ipsae
603 4150 669 4198 sunt
683 4144 782 4197 ianua.

408 4227 450 4281 45.
467 4229 631 4290 Allectante,
645 4227 795 4290 illectante,
806 4227 954 4290 alliciente,
968 4227 1116 4281 invitante.
