3554 5156
737 989 818 1046 rnnr
839 989 976 1046 oronns
1287 973 1351 1044 121

351 1157 533 1242 latrabant,
546 1163 623 1230 tum
636 1157 881 1243 discumbant,
893 1179 972 1230 mox
982 1160 1109 1231 iterum
1123 1165 1353 1231 revertsnrnt.

353 1275 456 1348 Haud
467 1276 578 1348 multo
590 1283 668 1361 post
679 1276 743 1360 ipsi
758 1283 943 1348 venatores
954 1283 1036 1348 ante
1051 1279 1247 1361 ingressum
1260 1276 1352 1348 antri

352 1401 629 1478 comparuerunt,
643 1415 790 1479 quorum
817 1394 1078 1466 venustissimus
1101 1395 1174 1479 ipse
1196 1401 1273 1466 erat
1292 1415 1353 1466 rer

350 1511 448 1584 istius
462 1512 618 1596 regionis.
639 1513 673 1584 la
686 1511 730 1583 ad
745 1511 870 1583 Elisam
885 1513 1036 1596 acceuit,
1047 1533 1117 1596 qna
1126 1512 1352 1598 pulchriorem

351 1629 522 1714 virginem
536 1637 639 1702 antea
653 1630 787 1701 viderat
800 1652 990 1713 nunquam.

436 1746 604 1834 “Quinam
629 1748 783 1832 contigit,
810 1748 992 1832 puelluln,”
1016 1749 1114 1821 fatur
1137 1771 1208 1834 rex,
1235 1748 1297 1820 “ut
1311 1755 1352 1822 tu

352 1866 420 1936 huc
435 1865 570 1936 venires
575 1867 612 1937 t”
633 1865 725 1936 Elisa
738 1865 821 1936 nihil
834 1865 900 1936 nisi
914 1873 1019 1949 capnt
1033 1866 1234 1950 quassabat;
1260 1869 1353 1952 loqui

351 2005 436 2054 ausa
449 2005 518 2054 non
534 1989 604 2066 est;
626 1983 716 2066 quod
730 1984 785 2053 vel
799 1983 945 2054 verbum
960 2005 1041 2054 suos
1053 1985 1180 2055 fratres
1193 1985 1354 2069 perdidis-

351 2108 412 2183 set,
427 2121 551 2171 manns
565 2107 681 2171 autem
697 2100 762 2171 sub
777 2101 1010 2184 procinctorio
1023 2123 1085 2172 suo
1099 2101 1285 2185 abscondit,
1308 2125 1353 2176 ne

350 2218 434 2302 regi,
449 2226 658 2302 quantopere
673 2225 860 2303 pateretur,
874 2219 1111 2290 innotesceret.

434 2334 540 2406 “Veni
554 2337 722 2418 mecum,”
736 2335 849 2420 inquit
862 2359 933 2420 rer,
947 2335 1023 2407 “hic
1046 2337 1108 2408 tibi
1134 2339 1260 2409 morari
1281 2360 1352 2410 non

349 2453 482 2525 licebit!
503 2452 538 2525 si
553 2461 588 2524 te
602 2461 675 2524 tam
689 2453 841 2538 probam,
857 2474 961 2537 quam
986 2475 1023 2525 es
1046 2454 1198 2538 pulchra,
1221 2457 1353 2540 praesti·

350 2571 443 2654 teris,
459 2571 567 2642 serica
580 2578 684 2654 atque
699 2575 853 2655 purpura
863 2578 899 2642 te
909 2571 1068 2655 induam;
1081 2594 1240 2644 coronam
1254 2597 1353 2647 aure·

350 2709 407 2760 am
422 2687 525 2772 capiti
539 2695 601 2758 tuo
615 2688 743 2771 imponi
758 2687 895 2772 curabo,
909 2689 1104 2774 faciamque
1130 2697 1171 2760 ut
1195 2691 1231 2762 in
1256 2693 1353 2777 regia

350 2828 428 2877 mea
442 2805 575 2877 habites
584 2806 614 2875 l”
635 2805 721 2876 Eam
733 2806 850 2890 itaque
863 2807 899 2876 in
914 2826 1044 2890 equum
1059 2806 1263 2893 sublevavit,
1278 2810 1353 2894 ipsa

350 2924 468 3008 flente,
492 2922 719 3006 manibusque
733 2922 963 3007 supplicantc;
993 2930 1031 2994 at
1051 2945 1129 2994 rex:
1153 2923 1266 2997 “Nihil
1286 2927 1352 2998 nisi

350 3041 498 3112 felicitas
511 3048 573 3112 tua
586 3041 670 3111 mihi
684 3040 777 3111 cordi
792 3041 876 3125 est,”
897 3040 1019 3125 inquit,
1036 3039 1286 3126 “subitumque
1301 3051 1354 3116 est

349 3159 588 3243 utaliquando
603 3158 648 3229 ob
662 3157 696 3228 id
710 3158 840 3242 gratias
861 3159 944 3229 mihi
968 3159 1136 3243 referas;”
1159 3161 1285 3245 quibus
1304 3160 1353 3231 di·

349 3277 413 3348 ctis
427 3276 641 3360 abequitavit
655 3283 752 3346 trans
765 3283 900 3348 montes
912 3299 953 3347 ac
966 3277 1082 3361 valles,
1103 3299 1180 3348 eam
1204 3278 1240 3348 in
1262 3298 1353 3362 equo

348 3402 431 3465 ante
455 3417 491 3465 se
516 3395 696 3478 sustinens,
717 3395 856 3478 reliquis
879 3393 1103 3465 venatoribus
1132 3416 1154 3466 a
1181 3403 1281 3480 tergo
1302 3419 1353 3469 se·

350 3513 544 3598 ruentibus.

432 3631 532 3704 Circa
545 3653 704 3702 occasum
719 3631 808 3714 solis,
824 3631 908 3702 urbs
929 3633 1020 3717 regis
1043 3633 1197 3717 capitalis
1219 3633 1351 3716 magni·

345 3747 422 3833 fica,
439 3771 519 3820 cum
535 3749 672 3833 templis
686 3770 726 3819 ac
740 3749 904 3833 turribus,
920 3757 1000 3820 ante
1025 3771 1061 3820 se
1083 3749 1225 3832 iacebat,
1246 3757 1351 3834 atque

347 3889 408 3937 rex
423 3866 550 3937 Elisam
564 3868 659 3938 rocta
672 3867 708 3937 in
723 3867 853 3951 regiam
867 3866 1001 3951 detulit,
1016 3867 1077 3938 ubi
1092 3867 1128 3936 in
1143 3867 1351 3950 amplissimo

340 3984 515 4068 peristylio
530 4005 721 4055 marmoreo
734 3983 850 4054 fontes
864 3983 1040 4068 saliebant,
1065 3983 1213 4068 parietes
1226 3991 1345 4056 autern

341 4108 448 4185 atque
462 4101 636 4172 lacunaria
651 4101 888 4186 pulcherrimis
901 4100 1107 4185 imaginibus
1121 4101 1221 4184 pictis
1245 4107 1347 4172 erant

342 4217 474 4289 decora.
489 4218 537 4290 At
551 4218 643 4288 Elisa
657 4219 730 4289 baec
745 4226 957 4301 omarnenta
973 4226 1009 4290 et
1024 4218 1117 4290 hunc
1134 4217 1348 4302 splendorem
1416 4225 1420 4233 '
