3522 5156
432 940 473 1012 18
745 953 913 1009 bucmar
941 953 1117 1008 mmmm

428 1122 595 1193 Aladdino
610 1122 695 1193 scire
710 1129 862 1206 cuperet,
877 1121 1016 1206 reperit,
1031 1121 1141 1193 veluti
1162 1121 1206 1193 de
1226 1122 1364 1206 palatio,
1385 1121 1431 1193 de

429 1239 538 1324 Regia
561 1238 647 1310 Filia
671 1239 955 1322 Badrulbudura;
977 1246 1146 1323 praeterea
1167 1238 1273 1310 etiam
1297 1239 1432 1310 audivit

428 1356 636 1428 Aleddinum
648 1363 725 1427 octo
739 1355 875 1428 dierum
890 1357 1001 1441 spatio
1015 1362 1182 1428 venatum
1193 1356 1296 1427 domo
1309 1357 1433 1428 disces·

430 1473 523 1546 sisse.

512 1624 711 1696 Proximum
726 1625 844 1709 itaque
858 1625 953 1695 facto
964 1625 1194 1696 necessarium
1205 1631 1281 1696 erat
1290 1625 1431 1708 indaga·

428 1764 465 1814 re
480 1742 541 1813 ubi
554 1743 694 1813 lucerna
707 1749 807 1814 esset.
829 1742 868 1813 ld
883 1764 966 1813 vero
988 1763 1112 1825 magus
1125 1764 1190 1825 ope
1205 1743 1345 1814 cistella
1359 1763 1432 1814 suae

427 1882 602 1932 arenaceae
617 1861 810 1944 exploravit
824 1861 1000 1931 lucernam
1015 1860 1052 1929 in
1065 1861 1192 1944 palatio
1206 1881 1289 1930 esse.
1306 1863 1431 1942 Quam-

429 1977 546 2050 obrem
560 1977 709 2062 prodivit
724 1977 1007 2061 praestinavitque
1032 1977 1207 2048 duodenas
1233 1977 1359 2050 nitidas
1379 1979 1431 2050 lu-

427 2116 546 2168 cernas
560 2115 714 2178 cupreas,
729 2115 816 2178 quas
829 2094 864 2163 in
879 2094 980 2165 corbe
1001 2095 1129 2178 positas
1143 2095 1294 2179 pervias
1318 2096 1432 2167 obam-

427 2213 560 2296 bulans,
575 2234 615 2283 ac
628 2212 818 2296 praesertim
830 2220 912 2282 ante
926 2213 1092 2296 palatium
1106 2234 1142 2283 se
1157 2212 1288 2297 sistens,
1303 2234 1432 2284 venum

427 2329 595 2401 offerebat
611 2330 658 2400 sic
674 2329 869 2400 clamitans:

509 2463 614 2548 “Quis
628 2465 721 2535 volet
735 2463 896 2546 antiquas
921 2464 1078 2534 lucernas
1101 2485 1181 2535 cum
1206 2464 1306 2535 novis
1332 2487 1428 2537 emu-

429 2581 548 2653 tare?”

510 2714 612 2784 Pueri
627 2736 707 2785 eum
722 2714 1046 2797 circumcursabant,
1058 2737 1208 2799 eumque
1218 2716 1429 2802 deridebant,

426 2839 531 2916 atque
545 2831 659 2902 cuncti
674 2853 755 2902 eum
771 2830 959 2915 audientes
981 2832 1154 2903 hominem
1167 2833 1316 2905 insanire
1330 2844 1432 2919 puta·

426 2956 572 3031 verunt;
595 2970 718 3032 magus
731 2955 849 3019 tamm
864 2970 923 3020 eos
937 2949 1032 3020 flocci
1046 2949 1205 3020 faciebat.

514 3098 619 3185 “Quis
635 3100 727 3170 volet
741 3099 901 3184 antiquas
914 3101 1071 3171 lucernas
1085 3123 1164 3172 cum
1179 3103 1278 3172 novis
1301 3112 1432 3175 emuta-

427 3219 504 3290 re?”
529 3216 716 3287 identidem
744 3216 1072 3288 clamitabat'toties
1101 3220 1433 3302 praeterambuiando

428 3337 604 3421 palatium,
620 3341 660 3405 ut
674 3334 820 3417 denique
835 3333 909 3417 ipsa
922 3334 1030 3417 Regia
1053 3335 1138 3405 Filia
1162 3345 1432 3422 percontaretur,

427 3453 506 3536 quis
517 3452 644 3522 clamor
657 3452 687 3522 is
700 3458 799 3523 esset.
816 3451 894 3522 Una
904 3451 1104 3522 ancillarum
1114 3453 1324 3525 sciscitatum
1334 3456 1434 3540 prod·

428 3569 504 3652 ivit,
519 3590 599 3653 quae
612 3567 727 3639 ridens
740 3590 879 3639 reversa
894 3569 1013 3641 retulit
1040 3570 1212 3654 quendam
1237 3572 1432 3645 dementem

430 3688 587 3759 lucernas
611 3707 720 3756 novas
743 3686 779 3756 in
804 3687 1052 3758 emutationem
1081 3709 1166 3771 erga
1195 3689 1354 3772 antiquas
1383 3692 1435 3761 oi·

431 3805 535 3875 ferre.

517 3935 593 4006 Alia
619 3935 742 4006 mulier
770 3935 835 4007 hoc
864 3936 993 4020 audito,
1019 3935 1149 4021 “Regia
1174 3938 1291 4023 Filia,’'
1313 3939 1435 4025 inquit,

434 4052 533 4125 “ecce
558 4052 593 4122 in
618 4074 659 4123 eo
684 4060 844 4137 pegmate
869 4060 923 4124 est
947 4055 1105 4138 quaedam
1129 4057 1268 4126 lucerna
1282 4057 1434 4142 antiqua.

432 4171 675 4254 Cuiuscunque
690 4191 731 4240 ea
745 4170 799 4254 sit
814 4178 907 4242 certe
922 4171 1068 4242 libenter
1084 4173 1227 4256 accipiet
1239 4173 1276 4243 in
1297 4175 1372 4246 eius
1385 4175 1433 4245 10-
