3554 5156
405 936 472 1007 118
784 950 867 1006 rum
890 949 1030 1006 onoma

409 1117 559 1203 quadam
573 1117 716 1190 convalli
731 1117 901 1189 montium
916 1117 1066 1203 sedebat,
1081 1120 1147 1192 sub
1159 1121 1283 1192 umbra
1305 1122 1410 1194 hede-

408 1257 526 1308 rarum
552 1235 813 1320 terrentiumque
834 1235 968 1320 vitium,
994 1258 1073 1321 quae
1098 1238 1231 1310 aditum
1255 1239 1416 1311 adinstar

408 1361 536 1439 tapeta·
549 1375 678 1438 magna
690 1359 766 1424 arte
779 1361 896 1438 textae,
911 1354 1121 1427 occulebant

491 1469 615 1542 “Nunc
629 1471 698 1542 iam
712 1470 1000 1556 observabimus,”
1013 1473 1144 1544 affatur
1158 1474 1284 1546 Elisam
1298 1475 1415 1546 frater

405 1595 493 1661 natu
517 1589 689 1672 minimus,
714 1588 799 1660 dum
820 1597 954 1674 partem
979 1591 1055 1662 cavi
1078 1591 1110 1661 ei
1135 1592 1327 1676 exhibebat,
1348 1591 1410 1663 ubi

404 1707 479 1791 ipsa
493 1705 690 1776 habitatura
704 1713 789 1790 erat,
806 1705 910 1790 “quid
935 1706 971 1779 in
994 1708 1126 1779 somnio
1148 1709 1213 1780 hac
1237 1716 1338 1780 nocte
1359 1709 1413 1779 vi·

405 1822 533 1895 derisl”

489 1939 550 2026 “0,
564 1941 699 2012 utinam
714 1943 751 2012 in
766 1941 895 2012 somnio
910 1963 1073 2016 arcanum
1087 1943 1171 2014 mihi
1185 1945 1413 2029 revelaretur,

405 2060 693 2144 quemadmodum
705 2058 883 2131 vinculum
896 2060 1029 2144 fascini,
1043 2061 1135 2145 quod
1150 2083 1213 2133 vos
1226 2068 1335 2146 tenet,
1345 2063 1412 2134 aol-

404 2201 487 2251 vere
501 2177 666 2263 possem!”
678 2178 786 2249 refert
799 2179 883 2262 ipsa,
895 2185 931 2248 et
940 2178 1014 2249 haec
1028 2179 1191 2263 cogitatio
1205 2187 1319 2251 totum
1332 2181 1413 2252 cius

404 2298 559 2368 animum
581 2295 771 2380 occupavit.
785 2295 962 2367 Aurdlium
977 2297 1039 2367 Dei
1055 2297 1147 2367 omni
1168 2296 1288 2369 ardore
1311 2297 1410 2383 flagi·

405 2414 514 2497 tabat,
528 2435 572 2485 ne
586 2413 623 2484 in
643 2413 794 2484 tenebris
818 2412 957 2496 quidem
982 2414 1112 2498 precari
1136 2414 1277 2498 destitit,
1299 2414 1413 2486 donec

405 2531 468 2603 aibi
483 2553 519 2602 ae
533 2531 569 2600 in
583 2529 727 2602 sublime
740 2529 823 2614 tolli,
838 2552 879 2601 ac
898 2551 960 2615 per
981 2547 1062 2602 aera
1087 2532 1264 2616 Morganae
1285 2533 1407 2603 castel·

405 2650 478 2721 lum
492 2670 614 2720 versus
628 2647 702 2732 rapi
716 2648 753 2717 in
768 2647 897 2719 somnio
911 2647 1097 2719 videretur.
1122 2649 1187 2720 Dia
1200 2650 1328 2720 castelli
1343 2649 1412 2722 ubi

404 2767 541 2840 obviam
555 2765 726 2848 veniebat,
740 2765 993 2850 pulchritudine
1008 2765 1154 2850 radians,
1169 2765 1274 2837 nihilo
1288 2773 1411 2838 tamen

404 2885 523 2969 secius,
539 2892 580 2956 ut
594 2884 669 2969 ipsa
683 2883 746 2954 sibi
759 2883 921 2968 fingebat,
942 2883 1016 2954 haec
1039 2883 1295 2955 similitudinem
1318 2886 1412 2955 fere·

404 3004 465 3075 bat
490 3004 588 3086 auris,
614 3022 694 3086 quae
716 3000 778 3072 sibi
803 3000 839 3072 in
863 3001 961 3084 sylva
981 3000 1102 3071 baccas
1122 3000 1280 3086 dedisset,
1294 3002 1412 3086 deque

404 3120 571 3203 OloribuS,
585 3139 708 3191 aureas
721 3139 863 3190 coronas
874 3118 1084 3203 gerentibus,
1099 3119 1213 3189 locuta
1226 3126 1326 3190 essct.

488 3236 601 3323 “Quin
614 3237 742 3308 fratres
754 3244 836 3307 tuoa
857 3235 1001 3306 liberare
1022 3236 1181 3320 potens?
1202 3236 1303 3308 docet
1322 3236 1412 3321 ipsa,

405 3357 463 3430 “at
477 3378 570 3440 vcro,
585 3355 712 3427 satisne
726 3355 821 3425 vales
835 3353 940 3424 animi
960 3354 1165 3426 fortitudine
1191 3361 1296 3438 atque
1321 3353 1409 3438 pan-

403 3475 513 3546 entio?
529 3475 629 3557 Aqua
643 3471 763 3556 utique
777 3471 909 3543 mollior
921 3478 975 3542 est
987 3472 1146 3543 manibus
1160 3471 1230 3542 tuis
1244 3471 1412 3556 delicatis,

403 3593 460 3663 illa
475 3599 591 3662 tamen
605 3589 803 3660 durissimos
815 3588 924 3658 silices
937 3587 981 3658 ad
995 3588 1175 3659 arbitrium
1185 3590 1337 3661 formare
1347 3611 1412 3660 va·

404 3711 461 3781 let.
483 3708 732 3780 Verumtamen
747 3705 805 3776 illa
819 3705 1001 3788 doloribua
1015 3727 1103 3789 quos
1115 3705 1214 3790 digiti
1227 3707 1280 3777 tui
1306 3706 1410 3778 susti·

403 3848 485 3898 nere
500 3824 684 3906 debebunt,
698 3844 768 3894 non
782 3822 947 3905 afficitur;
968 3843 1010 3892 ea
1022 3823 1123 3894 corde
1143 3824 1238 3894 nullo
1252 3831 1305 3894 cat
1320 3845 1407 3908 prae-

403 3944 485 4027 dita,
501 3941 642 4028 prohinc
656 3963 720 4011 nec
734 3941 804 4011 ulla
818 3939 1042 4011 sollicitudine
1057 3939 1311 4026 angonbusque
1335 3941 1412 4012 affl·

404 4060 503 4144 citur,
518 4060 577 4144 qui
590 4059 652 4130 tibi
667 4064 750 4129 sunt
773 4057 972 4129 sustinendi.
993 4058 1140 4130 Videsne
1154 4059 1238 4130 istae
1251 4060 1405 4130 ustulan-

403 4183 458 4249 tes
483 4199 522 4248 ac
545 4176 723 4247 mordaces
746 4175 883 4259 urticae
908 4197 995 4260 quaa
1021 4197 1085 4259 cgo
1108 4175 1144 4246 in
1162 4197 1269 4247 mauu
1283 4179 1413 4250 teneo?
