3540 5156
415 960 477 1030 170
751 973 855 1029 nuos
876 975 922 1028 nn
942 973 1081 1028 nsrcnn

413 1147 522 1214 nota⁰²
545 1143 720 1227 confingit,
746 1165 819 1214 esse
844 1143 1005 1212 iuvenem
1030 1141 1222 1225 quemdam,
1238 1148 1275 1211 et
1288 1137 1415 1223 specio·

412 1282 502 1343 sum,
527 1260 744 1331 commodum
767 1261 884 1330 lanoso
909 1258 1056 1329 barbitio
1083 1279 1191 1342 genos
1218 1256 1416 1327 inumbran-

412 1383 494 1459 tem,
519 1377 723 1460 plerumque
749 1375 958 1446 rurestribus
980 1383 1016 1446 et
1039 1375 1211 1445 montanis
1232 1372 1415 1444 venatibus

414 1501 629 1578 occupatum.
650 1494 706 1576 Et,
720 1515 835 1578 nequa
849 1493 1014 1564 sermonis
1028 1493 1242 1576 procedentis
1251 1491 1328 1562 labe
1337 1511 1416 1559 con·

414 1611 528 1681 silium
552 1611 697 1682 tacitum
721 1611 934 1695 proderetur,
956 1631 1041 1680 auro
1064 1610 1194 1692 ίειεῒο,83
1217 1606 1415 1693 gemmosis-

416 1749 483 1810 que
507 1727 690 1798 monilibus
714 1735 857 1798 onustas
881 1749 949 1810 eas,
972 1727 1090 1796 statim
1112 1732 1235 1796 vocato
1250 1724 1416 1808 Zephyro,

415 1844 523 1915 tradit
537 1844 770 1928 reportandas.
786 1844 862 1928 Quo
875 1844 1033 1926 protinus
1053 1849 1262 1927 perpetrato,
1285 1863 1419 1913 sorores

414 1960 564 2044 egregiae
577 1961 718 2032 domum
733 1961 926 2043 redeuntes,
941 1961 1078 2043 iamque
1092 1959 1265 2044 gliscentis
1278 1957 1417 2028 invidiae

414 2077 494 2147 felle
510 2077 706 2161 flagrantes,
720 2079 830 2148 multa
844 2099 960 2147 secum
974 2075 1187 2147 sermonibus
1196 2075 1328 2146 mutuis
1343 2096 1417 2157 per·

416 2193 624 2278 strepebant.
640 2194 694 2265 Sic
708 2193 855 2277 denique
873 2193 950 2263 infit
964 2195 1092 2263 altera:

500 2310 574 2380 “En
599 2310 692 2394 orba,
708 2317 743 2380 et
759 2332 851 2381 saeva
873 2317 909 2380 et
933 2311 1052 2394 iniqua
1077 2309 1248 2380 Fortuna!
1274 2309 1415 2379 hoccine

415 2428 478 2498 tibi
492 2429 705 2511 complacuit,
720 2435 762 2497 ut
776 2436 925 2511 utroque
946 2433 1088 2510 parente
1102 2435 1290 2510 prognetae,
1306 2426 1416 2496 diver·

417 2565 491 2616 sam
505 2552 634 2615 sortem
647 2545 914 2616 sustineremus?
935 2545 980 2614 Et
994 2566 1057 2615 nos
1070 2544 1219 2628 quidem,
1235 2567 1316 2628 quae
1331 2550 1417 2614 natu

417 2661 562 2732 maiores
584 2684 715 2743 sumus,
741 2661 872 2732 maritis
894 2662 1036 2732 advenis
1060 2661 1339 2744 ancillaededitae,
1360 2682 1417 2729 ex-

417 2783 563 2862 torres,⁰⁴
588 2785 623 2848 et
639 2779 737 2861 Lare,
752 2786 787 2848 et
800 2779 876 2863 ipsu
899 2779 1011 2863 patris
1035 2779 1212 2862 degamus,
1238 2779 1340 2861 longe
1360 2799 1419 2862 pa·

418 2903 557 2966 rentum
570 2897 669 2967 velut
680 2897 891 2978 exsulantes;
912 2895 986 2966 haec
1000 2903 1118 2966 autem
1132 2895 1325 2978 novissima,
1340 2916 1418 2979 quae

419 3012 541 3083 ultima
553 3020 636 3084 nata
649 3021 712 3096 est,
727 3013 834 3084 tantis
848 3013 979 3097 opibus,
995 3019 1031 3083 et
1055 3013 1127 3083 Deo
1149 3012 1274 3083 marito
1298 3014 1417 3096 potito,

419 3152 498 3214 quae
522 3152 585 3200 nec
610 3131 661 3200 uti
676 3137 769 3202 recte
794 3135 893 3201 tantd
916 3131 1085 3201 bonorum
1108 3131 1204 3215 copid
1226 3131 1333 3201 novit
1362 3131 1419 3201 Vi·

418 3247 507 3331 disti,
522 3269 627 3331 soror,
642 3257 773 3331 quanta
786 3248 822 3318 in
837 3249 937 3319 domo
958 3249 1080 3331 iaoent,
1096 3257 1131 3318 et
1145 3249 1257 3332 qualia
1272 3250 1419 3334 monilia,

419 3387 498 3449 quae
508 3365 691 3450 praenitent
701 3373 825 3448 vestes,
836 3386 915 3448 quae
925 3365 1135 3449 splendicant
1145 3387 1302 3450 gemmae,
1313 3389 1419 3450 quan·

418 3490 505 3566 tum,
519 3490 695 3567 praeterea,
709 3484 860 3553 calcatur
874 3485 1020 3554 aurum?
1050 3484 1178 3564 Quodsi
1191 3484 1356 3554 maritum
1370 3491 1420 3554 et·

419 3602 488 3672 iam
503 3607 576 3671 tam
590 3603 781 3672 formosum
804 3607 910 3685 tenet,
934 3609 976 3671 ut
996 3599 1161 3671 affimat:
1182 3601 1302 3672 nulla⁶⁵
1326 3623 1419 3672 nunc

520 3803 563 3856 62.
583 3803 635 3856 Sed
659 3819 708 3870 pro
730 3803 880 3867 occasione
897 3801 937 3856 ad
958 3801 1020 3866 boo,
1041 3802 1171 3870 quidquid
1191 3802 1244 3856 sibi
1256 3803 1285 3855 in
1297 3807 1418 3854 mentem

423 3875 617 3925 tumvenerat.

523 3937 565 3991 6³.
581 3937 671 3991 Rebus
681 3936 825 4005 aliquibus,
838 3953 871 3990 ex
882 3953 948 3990 auro
959 3937 1052 3990 factis.

522 4005 565 4057 64.
581 4003 729 4068 Error-ris,
754 4019 789 4058 σω
807 4033 839 4040 -
856 4007 949 4066 terra,
977 4007 1062 4056 extra
1086 4007 1209 4066 terram,
1236 4003 1297 4056 sine
1340 4004 1418 4065 atriu,

423 4077 500 4124 extro
520 4077 621 4124 terrum
643 4072 778 4134 natalem
794 4087 846 4125 con
865 4077 998 4124 ueruntur
1015 4071 1088 4124 enirn
1110 4087 1139 4124 se
1160 4070 1266 4123 maritis
1324 4069 1418 4134 venir,

423 4139 576 4205 peregrinis
588 4140 617 4191 in
629 4139 835 4192 matrimonium
847 4089 926 4192 datus
937 4154 1004 4191 esse.

527 4205 569 4258 ⁶5.
585 4206 675 4268 Nulla,
688 4207 810 4267 subaudi,
822 4205 941 4258 mulier.
