3554 5156
437 970 478 1041 74
659 985 916 1040 nuncnmruuo
936 985 1059 1050 arque
1080 985 1206 1040 ausam

437 1154 623 1224 maniorem
651 1153 834 1237 praebebat,
858 1174 962 1236 quam
986 1153 1060 1236 ipsa
1082 1175 1158 1224 eam
1177 1175 1251 1224 esse
1266 1175 1365 1238 posse
1380 1175 1435 1222 ex·

437 1271 628 1354 istimabat;
650 1280 687 1341 at
709 1293 792 1342 vero
815 1269 944 1341 nubere
970 1271 1139 1355 cuiquam,
1163 1294 1267 1356 quem
1290 1272 1345 1342 vel
1359 1293 1436 1341 con·

438 1389 529 1459 tueri
543 1389 756 1471 formidaret,
772 1387 921 1458 terribile
937 1387 998 1458 sibi
1014 1388 1205 1460 videbatur.

523 1507 637 1576 Bestia
650 1513 722 1575 tam
737 1505 851 1575 subito
863 1526 939 1574 eam
954 1504 1101 1588 reliquit,
1127 1526 1231 1587 quam
1253 1505 1360 1590 pridie
1381 1527 1437 1575 ve·
1485 1497 1490 1508 ’

437 1624 537 1707 speri.

522 1739 784 1824 Quamprimum
799 1741 925 1810 iterum
937 1739 1152 1824 obdormivit,
1161 1740 1196 1810 in
1207 1741 1337 1811 somnio
1347 1740 1437 1810 idem

437 1856 571 1926 iuvenis
584 1856 646 1926 sibi
661 1857 817 1939 occurrit,
832 1878 935 1939 quem
950 1857 986 1926 in
1000 1857 1100 1927 horto
1114 1858 1258 1929 viderat.
1278 1858 1345 1928 Diu
1366 1859 1437 1929 und

437 1974 670 2056 morabantur,
686 1980 789 2058 atque
805 1974 1026 2045 Pulchritudo
1041 1996 1122 2045 cum
1132 1974 1182 2044 ita
1191 1995 1306 2045 amare
1317 1995 1353 2044 se
1364 1995 1438 2044 sen-

435 2093 490 2175 sit,
506 2099 547 2162 ut
561 2091 605 2161 ab
627 2114 668 2162 co
682 2091 860 2162 redamari.
883 2093 930 2162 At
954 2093 1027 2176 ipse
1049 2093 1234 2162 admodum
1257 2091 1438 2162 conturba·

436 2216 494 2280 tus
509 2230 583 2279 esse
597 2209 788 2292 videbatur,
814 2217 849 2279 et
875 2210 919 2279 ab
940 2231 990 2292 ea,
1004 2217 1046 2280 ut
1061 2217 1160 2281 nocte
1172 2209 1334 2280 hesterna
1348 2211 1438 2280 fece·

438 2332 502 2407 rat,
516 2327 643 2396 iterum
663 2327 843 2410 flagitavit,
857 2333 899 2396 ut
913 2349 949 2396 se
964 2349 1007 2396 ex
1023 2348 1085 2396 suo
1108 2348 1243 2397 carcere
1267 2326 1437 2410 liberaret,

437 2444 496 2513 sed
511 2443 555 2513 ab
570 2466 610 2513 eo
623 2446 717 2514 nullo
732 2452 832 2528 pacto
854 2444 973 2514 elicere
996 2444 1116 2528 quibat
1141 2444 1219 2528 quis
1243 2444 1314 2528 ipse
1338 2450 1439 2527 essct,

437 2566 473 2629 et
487 2560 523 2629 in
536 2582 685 2643 quonam
700 2583 834 2631 carcere
850 2561 1070 2632 detineretur.

519 2677 741 2748 Pulchritudo
766 2677 848 2748 satis
875 2677 1071 2748 inveniebat
1099 2677 1135 2746 in
1164 2677 1291 2762 palatio
1312 2677 1436 2748 Bestiae

436 2815 505 2878 quo
520 2817 556 2864 se
571 2801 761 2878 occuparet.
777 2795 908 2865 Praesto
922 2801 1021 2864 erant
1036 2793 1079 2864 ad
1094 2794 1319 2877 equitandum
1334 2816 1435 2877 gene·

435 2911 503 2981 rosi
517 2912 606 2994 equi,
621 2911 753 2982 fundus
774 2919 891 2982 autern
906 2933 967 2994 per
981 2911 1136 2981 milliaria
1159 2911 1317 2995 protendi
1341 2933 1438 2994 pare·

435 3028 504 3098 bat.
540 3029 630 3098 Turn
655 3029 769 3112 etiam,
782 3029 920 3098 tametsi
940 3035 1076 3111 tempus
1090 3035 1165 3098 erat
1178 3027 1370 3112 hibernum,
1387 3050 1438 3097 re·

434 3145 621 3229 gionesque
645 3145 708 3214 sub
734 3145 871 3215 nivibus
895 3145 1053 3215 iacebant
1078 3144 1216 3228 ubique,
1239 3151 1355 3213 tamen
1380 3143 1435 3214 hic

434 3269 528 3332 terra
552 3263 662 3332 calore
688 3263 837 3346 tepebat,
858 3269 1002 3344 eratque
1023 3262 1184 3344 sudum,ll
1199 3261 1340 3331 floribus
1354 3282 1437 3344 qua-

434 3401 644 3464 quaversum
673 3379 881 3463 vigentibus.
913 3379 1056 3449 Piscinae
1085 3378 1229 3448 aderant
1257 3377 1438 3462 hippuris¹²

434 3505 614 3580 scatentes,
630 3497 665 3567 in
681 3497 807 3580 quibus
820 3497 942 3568 licebat
963 3497 994 3566 ei
1019 3495 1188 3579 scaphulis
1202 3496 1270 3566 huc
1296 3501 1332 3564 et
1357 3495 1436 3564 illuc

434 3614 599 3698 navigare
624 3635 663 3684 ac
689 3615 869 3697 remigare,
897 3613 1033 3696 liliaque
1062 3613 1221 3696 aquatica
1250 3612 1437 3694 carpitare;

434 3754 503 3802 non
518 3732 670 3816 deerant,
686 3738 863 3815 praeterea,
878 3730 1093 3802 ornatissima
1117 3728 1328 3812 indumenta,
1342 3751 1437 3813 gem·

434 3871 568 3934 maeque
582 3851 618 3919 in
633 3872 737 3920 suum
750 3870 862 3932 usum,
874 3849 1122 3931 innumeraque
1133 3868 1263 3931 genera
1271 3846 1438 3916 ludimen-

434 3975 549 4038 torum
565 3967 786 4051 curiosorum,
800 3973 905 4051 atque
930 3965 1212 4036 animalculorum
1229 3963 1321 4034 lusui
1343 3969 1438 4046 apto·

536 4153 576 4205 11.
594 4149 718 4214 sudam,
735 4151 865 4217 apricum,
877 4165 960 4217 quum
974 4149 1014 4202 eol
1029 4149 1162 4215 splendet.

537 4237 577 4289 12.
594 4235 694 4296 Pisces,
706 4235 753 4301 qui
765 4240 900 4287 vocantuu
911 4232 996 4286 aurei.
