3540 5156
699 1003 804 1057 nuos
825 1004 870 1058 aa
892 1004 1030 1058 Psrcua
1309 992 1366 1062 l8l

364 1175 502 1238 acutam
517 1168 561 1238 ad
576 1171 713 1252 pulsum
728 1171 832 1240 etiam
858 1171 1018 1253 palmulae
1044 1173 1202 1242 lenientis
1227 1195 1367 1258 exaspe-

366 1291 502 1356 ratam⁹⁰
516 1287 593 1370 tori,
609 1308 678 1369 qua
692 1295 790 1371 parte
805 1288 932 1358 cubare
947 1291 1128 1373 consuesti,
1144 1291 1292 1361 latenter
1307 1291 1366 1362 ab·

365 1403 500 1485 sconde,
514 1404 758 1488 lucernamque
772 1405 982 1488 concinnam,
998 1409 1200 1490 completam
1215 1409 1288 1477 oleo
1302 1409 1368 1478 cla·

365 1543 403 1590 ro
432 1521 560 1590 lumine
589 1524 854 1604 praemicantem,
891 1523 999 1592 subde
1028 1523 1142 1606 aliquo
1178 1525 1369 1596 claudentis

364 1637 465 1708 aulaei
488 1637 651 1720 tegmine.
676 1638 845 1720 Omnique
870 1638 936 1709 isto
958 1648 1127 1723 apparatu
1151 1641 1367 1712 tenacissime

364 1755 588 1837 dissimulato,
603 1763 786 1839 postquam
801 1758 950 1827 sulcatos
964 1757 1141 1828 intrahens
1155 1779 1295 1842 gressus
1309 1780 1368 1828 cu-

364 1873 430 1942 bile
444 1873 582 1942 solitum
594 1874 838 1957 conscenderit,
854 1875 991 1956 iamque
1017 1881 1204 1957 porrectus
1218 1882 1255 1944 et
1269 1897 1366 1945 exor-

364 1991 419 2062 dio
434 1990 545 2061 somni
559 1991 744 2074 prementis
758 1991 951 2074 implicitus,
966 1992 1077 2061 altum
1101 2013 1257 2075 soporem
1282 1992 1367 2063 flare

363 2107 515 2191 coeperit,
530 2115 606 2177 toro
620 2107 806 2191 delapsa‚¹⁰⁰
819 2109 979 2192 nudoque
996 2109 1140 2193 vestigio
1166 2110 1367 2193 pensilem¹⁰¹

362 2225 511 2309 gradum
538 2224 740 2307 paululatim
766 2227 936 2310 minuens,
952 2247 1054 2297 coecae
1078 2227 1232 2297 tenebrae
1255 2235 1367 2297 custo·

363 2343 419 2414 dia
433 2343 577 2415 liberata
591 2345 739 2426 lucema‚
754 2344 906 2427 praeclari
922 2345 973 2413 tui
995 2343 1156 2415 facinoris
1170 2342 1369 2427 opportuni·

363 2465 473 2530 tatem
487 2460 530 2530 de
543 2461 681 2531 luminis
695 2460 833 2530 consilio
857 2467 1071 2545 mutuare,¹⁰²
1094 2469 1130 2531 et
1155 2460 1294 2544 ancipiti
1318 2467 1368 2530 te

363 2577 445 2659 lo‚¹⁰³
460 2577 623 2648 audacter
636 2577 732 2662 prius
746 2577 887 2648 dextera
901 2599 1037 2648 sursum
1055 2579 1155 2660 elata,
1171 2577 1248 2648 nisu
1264 2597 1369 2661 quam

363 2695 514 2765 valido¹⁰⁴
529 2695 621 2765 noxii
635 2695 803 2779 serpentis
818 2695 948 2764 nodum
970 2695 1111 2765 cervicis
1125 2702 1161 2764 et
1174 2694 1294 2778 capitis
1308 2693 1367 2764 ab·

362 2811 463 2882 scide.
484 2811 555 2882 Nec
570 2820 726 2882 nostrum
741 2811 803 2882 tibi
819 2812 928 2882 deerit
942 2811 1149 2895 subsidium
1171 2810 1232 2882 sed
1257 2832 1367 2894 quum

363 2929 513 3013 primum
529 2929 620 2998 illius
633 2937 745 2999 morte
760 2929 906 2999 salutem
920 2928 982 2998 tibi
996 2929 1130 3011 feceris,
1156 2929 1267 2998 anxiae
1281 2949 1367 3011 prae-

362 3046 575 3128 stolabimur‚
601 3046 799 3129 cunctisque
823 3069 929 3130 ocyus
954 3054 1069 3116 tecum
1095 3045 1219 3129 relatis,
1241 3043 1368 3114 votivis

362 3163 492 3247 nuptiis
505 3163 677 3233 hominem
692 3170 727 3234 te
743 3164 926 3247 iungemus
940 3163 1100 3233 homini.”

446 3297 523 3367 Tali
537 3296 723 3368 verborum
737 3297 893 3368 incendio
908 3297 1083 3368 flammata
1097 3297 1230 3366 viscera
1244 3293 1368 3364 sororis

362 3415 431 3485 iam
446 3435 586 3499 prorsus
601 3415 753 3486 ardentis
768 3415 965 3486 deserentes
979 3415 1063 3498 ipsae
1086 3413 1253 3498 protinus,
1275 3411 1365 3482 tanti

462 3650 504 3702 99.
522 3647 589 3702 leni
601 3648 689 3702 irictu
702 3649 732 3701 in
746 3649 837 3716 palmo
849 3654 897 3702 tuo
908 3649 1026 3702 ulterius
1038 3653 1190 3703 umatum.

464 3733 521 3786 100.
538 3731 686 3787 Desiliens.
889 3801 892 3804 Ι

464 3816 520 3868 101.
538 3816 674 3882 Suspenso
687 3815 764 3882 pede,
778 3815 873 3882 digitis
886 3816 985 3883 pedum
998 3816 1138 3870 insistens

467 3901 525 3953 102
541 3899 700 3961 Lucernam,
713 3915 795 3967 quam
809 3915 890 3952 coecae
903 3900 1032 3953 wnebrae
1044 3899 1176 3966 tegminis
1197 3899 1279 3953 aulaei
1299 3898 1369 3951 cela·

362 3983 439 4046 bant,
452 3983 601 4050 proferens,
618 3983 711 4049 accipe
740 3983 893 4048 (mamare)
918 3982 1088 4036 occasionem
1109 3983 1144 4036 ad
1164 3981 1367 4051 exsequendum

361 4071 442 4120 tuum
455 4065 565 4120 facinus
576 4083 594 4120 a
606 4066 721 4120 consilio
733 4066 854 4128 luminis,
867 4067 945 4134 quasi
958 4066 1051 4120 lumen
1064 4067 1185 4120 madeat.

465 4151 523 4204 10³.
544 4149 622 4213 Quod
634 4165 691 4204 non
704 4156 747 4204 est
759 4150 927 4217 experientia
938 4149 1097 4217 probatum
1113 4151 1257 4206 novacula

468 4233 527 4288 10⁴.
543 4233 658 4300 Impetu,
671 4249 754 4300 quam
766 4237 844 4300 potes
856 4233 1033 4288 validissimo.
