3522 5156
422 925 464 996 22
735 937 905 995 nooman
932 938 1108 994 mnonmr

506 1106 658 1190 “Eheu''
673 1105 849 1190 respondit
862 1106 930 1190 illa,
946 1104 1134 1190 “perquam
1166 1128 1288 1178 vereor
1313 1129 1358 1178 ne
1380 1129 1422 1179 ea

421 1225 529 1295 nostri
541 1223 723 1294 infortunii
735 1224 817 1294 fons
830 1229 867 1294 et
879 1222 987 1308 origio
1000 1223 1119 1307 fuerit,
1129 1245 1254 1308 meque
1268 1225 1304 1294 in
1318 1246 1423 1296 causa

422 1343 527 1414 esse.”
543 1341 606 1411 His
619 1340 729 1423 dictis,
743 1340 899 1411 narravit
912 1340 1037 1410 marito
1050 1341 1338 1424 quemadmodum
1364 1367 1423 1415 an·

421 1459 554 1543 tiquam
569 1460 743 1529 lucernam
758 1479 842 1542 erga
855 1479 982 1528 novam
1007 1457 1241 1542 emutavisset,
1256 1467 1293 1530 et
1305 1481 1424 1544 quem·

421 1576 606 1648 admodum
622 1574 784 1659 postridie
798 1596 835 1645 se
848 1596 928 1645 cum
942 1575 1068 1658 palatio
1097 1575 1131 1644 in
1157 1576 1312 1647 Africam
1326 1578 1422 1648 abre-

421 1702 517 1779 ptam
531 1693 724 1777 reperisset,
739 1699 844 1776 atque
859 1713 951 1775 eum,
967 1692 1027 1776 qui
1041 1713 1105 1764 sua
1128 1701 1203 1763 arte
1229 1695 1364 1778 magica
1385 1717 1422 1767 se

421 1811 678 1894 transvenisset,
691 1810 805 1894 ipsum
819 1809 968 1880 eundem
981 1831 1065 1892 esse,
1076 1810 1134 1894 qui
1144 1811 1319 1882 lucernam
1329 1835 1424 1886 emu-

421 1936 538 2012 tasset,
554 1935 589 2000 et
602 1928 707 1999 etiam
721 1928 893 1998 famulum
908 1928 1055 2011 aliquem
1069 1927 1165 1998 illum
1180 1931 1371 2012 agnovisse.

505 2044 599 2116 “Iam
614 2044 714 2128 scio,”
727 2043 840 2128 inquit
854 2043 1051 2127 Aladdinus,
1077 2043 1205 2130 “Regia
1230 2047 1324 2132 Filia,
1345 2051 1424 2134 quis

421 2163 572 2248 proditor
585 2163 615 2232 is
627 2163 746 2234 fuerit.
768 2161 830 2232 Dic
852 2161 935 2232 mihi
957 2163 1057 2234 modo
1082 2164 1223 2234 ubinam
1246 2166 1422 2238 lucernam

421 2280 594 2351 conditam
610 2280 811 2352 habueritl”

503 2397 566 2468 “In
581 2399 659 2468 sinu
672 2399 767 2481 suo,'’
781 2398 956 2482 respondit
981 2397 1089 2481 Regia
1104 2397 1198 2482 Filia,
1215 2399 1307 2484 “ipse
1329 2403 1420 2473 enim

420 2541 476 2589 me
492 2517 643 2603 quotidie
656 2519 770 2588 visum
790 2517 897 2598 venit,
912 2537 953 2587 ac
967 2516 1071 2587 semel
1095 2523 1273 2602 tamquam
1298 2527 1421 2604 tropae·

422 2657 482 2706 um
495 2635 578 2706 mihi
593 2635 696 2704 etiam
711 2633 875 2705 exhibuit.
890 2633 965 2718 Ego
980 2632 1118 2717 quidem
1132 2634 1192 2705 vix
1206 2638 1261 2706 vel
1276 2638 1423 2709 verbum

422 2754 453 2824 ei
481 2752 680 2836 respondeo,
710 2759 827 2822 tamen
856 2751 928 2835 ipse
957 2753 1181 2835 frequentare
1195 2774 1265 2822 non
1281 2754 1424 2840 desinit;

422 2870 618 2954 suppliciter
632 2890 687 2940 me
701 2890 842 2938 exorare
858 2869 944 2938 solet
963 2875 1004 2939 ut
1029 2869 1082 2940 tui
1107 2869 1296 2954 obliviscar,
1318 2894 1424 2957 seque

420 2989 585 3059 maritum
598 2987 817 3070 agnoscam.”

505 3105 694 3176 Aladdinus
706 3105 816 3187 igitur
829 3125 903 3175 rem
917 3126 1033 3175 secum
1047 3104 1300 3177 deliberandam
1313 3129 1426 3180 susce·

421 3225 481 3310 pit,
495 3223 704 3306 modumque
717 3222 762 3292 ad
775 3221 987 3292 liberandam
1009 3221 1152 3306 Regiam
1182 3224 1302 3295 Filiam
1333 3249 1423 3297 com·

420 3349 559 3414 mentua
581 3348 643 3422 est,
659 3362 762 3425 quem
787 3347 823 3410 et
847 3340 946 3410 uxori
970 3339 1143 3423 patefecit.
1162 3339 1298 3413 Mutato
1318 3345 1426 3428 igitur

421 3459 540 3531 rustici
553 3459 683 3530 vestitu
697 3459 732 3528 in
748 3458 869 3528 urbem
899 3457 1132 3541 proficiscitur,
1162 3466 1267 3544 atque
1288 3460 1323 3530 in
1345 3483 1423 3546 apo·

420 3579 522 3649 theca
549 3576 829 3647 midicamentum
859 3574 1033 3658 quoddam
1059 3577 1249 3658 praestinat.
1282 3577 1365 3650 Inde
1387 3580 1422 3650 in

422 3694 587 3780 palatium
602 3713 771 3775 reversus,
786 3691 929 3775 Regiam
945 3691 1065 3761 Filiam
1090 3691 1266 3777 subornat,
1291 3701 1333 3765 ut
1353 3695 1427 3780 ipsa

422 3811 561 3896 optimis
574 3810 694 3880 induta
710 3809 865 3880 vestibus
878 3829 1021 3892 magum
1037 3808 1220 3893 exciperet,
1236 3832 1342 3895 seque
1355 3833 1427 3884 ma·

421 3929 512 4000 xime
534 3927 706 3999 affabilem
727 3948 811 4010 erga
834 3947 914 3998 eum
937 3926 1117 4010 praeberet.
1139 3925 1226 3997 Dein
1256 3928 1428 4014 pulveres,

422 4067 510 4132 quos
522 4045 784 4130 praestinaverat
798 4043 946 4114 maxime
965 4043 1172 4127 mortiferos,
1197 4044 1323 4128 cyatho
1343 4045 1429 4118 indi·

419 4166 481 4248 dit,
495 4185 598 4248 quem
613 4162 720 4246 Regia
731 4161 815 4232 Filia
824 4163 907 4232 vino
917 4167 992 4232 erat
1002 4163 1190 4245 expletura,
1198 4168 1304 4246 atque
1314 4184 1424 4247 quum
